2692 3959
473 289 667 337 DEPONEN
669 289 695 336 T
713 288 839 337 VERBS.

432 502 481 559 82.
521 505 628 561 Which
646 506 675 559 is
694 506 744 560 the
763 503 871 575 King?

107 685 111 693 .
202 630 356 703 Rsrsticus,
373 639 426 707 qui
443 638 546 708 regem
561 629 665 690 videre
680 631 771 690 valde
792 630 945 705 cupiebat,
962 629 1061 691 laetus
1082 648 1153 710 cum

157 730 279 807 hospite
295 737 400 808 ignoto
415 731 456 788 ad
471 730 585 808 regiam
601 730 658 791 iter
671 729 755 790 fecit.
801 732 874 790 Post
894 737 1003 789 ce'nam
1022 736 1076 789 rex
1091 737 1109 765 “
1120 731 1154 792 Si

158 831 234 903 vis‚'’
257 830 364 907 inquit,
390 837 537 890 “mecum
559 829 591 889 in
613 830 740 890 alteram
764 839 882 907 partem
906 829 1028 890 aedium
1051 839 1103 903 ire,
1122 839 1154 890 et

158 938 261 1008 regem
276 941 307 990 et
321 929 440 990 nobiles
455 930 628 1006 complr'rres
642 930 700 989 tibi
717 928 909 990 ostendam.’'
955 936 972 964 ‘⁶
986 930 1152 1002 Maxim6‚’'

158 1030 317 1108 respondit
342 1030 490 1103 rusticus„
509 1031 593 1090 “sed
622 1038 685 1107 quo
714 1028 806 1089 modo
834 1035 937 1107 regem
966 1036 1154 1108 cognoscere

158 1138 266 1208 potero
279 1133 290 1190 ἓ
303 1132 320 1158 ”
365 1130 527 1205 “Facile''
554 1130 715 1208 respondit
743 1130 802 1203 ille,
832 1137 931 1188 “nam
961 1137 1054 1189 ceteri
1082 1141 1156 1190 sunt

159 1231 259 1308 capite
285 1230 410 1304 nodato,
434 1238 487 1291 rex
512 1240 614 1291 autem
640 1231 724 1291 selus
753 1230 854 1307 capite
884 1237 992 1308 operto
1020 1231 1153 1290 manet.'’

161 1331 238 1390 Inde
254 1329 450 1407 splendidum
465 1331 572 1390 ineunt
593 1330 712 1402 atrium,
729 1330 782 1390 ubi
805 1331 929 1389 adstant
943 1330 1000 1390 viri
1022 1330 1155 1408 complsr·

159 1438 216 1503 res,
233 1436 317 1490 ostro
332 1436 469 1509 insignes
485 1440 517 1490 et
532 1438 614 1491 auro.
661 1432 785 1490 Frsrstra‘r
801 1430 932 1489 rdsticus
944 1430 1041 1489 oculis
1052 1436 1156 1508 regem

160 1549 214 1608 per
228 1538 326 1590 totum
341 1540 463 1591 coetum
478 1531 617 1608 exquirit.
661 1531 802 1589 Tandem
817 1530 857 1588 ad
872 1530 1015 1590 comitem
1027 1549 1134 1591 versus
1147 1553 1154 1603 3

162 1633 236 1691 “Ex
251 1632 372 1704 nobis‚’'
388 1631 496 1708 inquit,
512 1631 615 1692 “alter
629 1638 683 1689 rex
698 1631 874 1690 necessario
889 1641 944 1703 est,
958 1649 1030 1689 nam
1045 1630 1103 1691 soli
1118 1650 1157 1691 ex

160 1737 247 1791 tanto
261 1741 351 1791 coetsr
365 1732 466 1809 capite
482 1741 587 1792 snmus
602 1732 740 1808 operto.”

227 1866 316 1930 valde,
330 1867 450 1914 mdximi.
574 1941 578 1946 ι
749 1867 832 1930 ostro,
846 1879 886 1929 30,
899 1878 922 1926 7.

227 1948 280 2013 vis,
293 1947 362 1997 from
373 1949 435 1997 volo.
749 1950 873 2013 adstant,
887 1948 927 2012 69,
939 1963 962 2009 4.

461 2136 686 2186 DEPONENT
710 2136 857 2186 VERBS.

207 2280 262 2341 37.
289 2272 460 2355 Deponent
480 2270 576 2335 Verbs
591 2291 647 2334 are
663 2270 797 2352 passive
814 2270 848 2333 in
865 2269 952 2334 form
971 2270 1031 2334 but
1048 2269 1158 2334 active

163 2379 197 2443 in
214 2380 380 2463 meaning.

422 2507 538 2564 morior,
551 2504 574 2556 I
581 2503 634 2557 die.

423 2620 535 2672 queror,
549 2606 570 2658 I
579 2605 733 2674 complain.

207 2765 254 2846 (1)
285 2767 352 2825 The
374 2775 500 2843 present
522 2766 584 2823 and
605 2767 708 2825 future
730 2763 908 2842 participles
930 2783 982 2824 are
1004 2763 1103 2823 active
1127 2763 1159 2822 in

162 2867 241 2926 form
257 2885 290 2925 as
305 2866 371 2926 well
386 2885 421 2926 as
435 2865 588 2944 meaning.

424 2998 556 3064 querens,
570 2997 774 3069 complar‘ning.

424 3100 589 3166 quertfirus
602 3099 689 3153 about
701 3106 730 3153 to
742 3098 897 3169 complain.

207 3261 254 3340 (2)
285 3261 353 3320 The
368 3270 438 3337 past
453 3258 612 3336 participle
628 3260 661 3318 of
676 3261 834 3336 deponent
848 3256 939 3317 verbs
957 3256 984 3316 is
1007 3255 1105 3316 active
1128 3257 1159 3314 in

164 3359 316 3437 meaning,
334 3359 395 3418 and
409 3378 479 3438 may
493 3360 646 3419 therefore
660 3361 700 3420 be
716 3359 884 3418 translated
899 3358 942 3437 by
955 3358 1075 3432 haav'ng.

426 3512 557 3573 questus,
570 3506 687 3578 having
696 3506 885 3577 complained.
