2692 3959
529 295 768 344 ANECDOTES.

375 509 424 583 87.
464 512 525 568 The
544 512 659 568 Foollsh
679 509 923 567 maid-Servants.

195 650 284 707 Anus
313 649 473 724 quaedam,
502 667 582 726 quae
608 648 692 705 haud
716 648 823 724 procul
849 649 985 706 Tarente
1010 646 1050 705 ab
1073 645 1149 705 urbe

153 747 311 820 habitevit,
328 756 399 807 sues
415 748 541 808 ancillas
556 748 597 806 ad
610 748 683 824 galli
705 758 829 806 cantum
849 754 866 805 e
887 754 995 806 somno
1017 744 1150 806 excitere

154 849 280 907 solebat.
326 849 396 906 Hae
412 847 503 925 igitur
527 848 610 924 quod
635 856 654 905 e
677 855 775 923 prime
798 847 865 905 luce
886 865 983 923 usque
1004 846 1043 904 ad
1064 853 1151 904 occa-

154 967 222 1007 sum
244 947 318 1007 selis
339 948 476 1008 laberem
499 947 651 1006 sustinere
673 955 799 1007 coactae
822 956 901 1018 sunt,
918 945 1032 1023 gallum
1057 945 1151 1004 male

154 1067 220 1107 rum
246 1067 371 1107 causam
394 1047 535 1108 occidere
557 1047 791 1107 censtituerunt.
836 1048 965 1106 Postere
987 1045 1078 1123 igitur
1100 1045 1150 1103 die

154 1149 212 1207 sub
241 1166 413 1224 vesperum,
440 1149 513 1207 dum
544 1148 639 1207 altera
669 1148 765 1225 pedes
794 1147 866 1224 galli
899 1154 1028 1222 utraque
1057 1154 1151 1204 manr'r

154 1249 265 1308 retinet
285 1257 433 1322 aversata,
455 1249 558 1320 altera,
583 1266 662 1325 quae
685 1249 778 1325 paule
800 1246 946 1307 audecior
967 1246 1033 1318 fuit,
1057 1254 1151 1323 caput

155 1349 220 1407 avis
249 1348 381 1407 infelicis
410 1356 507 1408 securi
536 1346 697 1424 percussit.
746 1348 783 1406 Id
812 1357 915 1406 tamen
944 1347 1033 1424 longe
1063 1345 1151 1406 aliter

82 1447 85 1454 '
155 1448 257 1508 evenit
284 1457 321 1508 ec
345 1449 503 1525 putabant.
549 1449 717 1523 Postquam
740 1447 826 1506 enim·
847 1447 946 1525 gallus
970 1446 1150 1505 interfectus

155 1557 227 1621 erat,
250 1567 336 1620 anus,
361 1567 440 1625 quae
469 1548 509 1606 ad
538 1547 570 1606 id
598 1556 721 1623 tempus
750 1556 873 1606 cantum
903 1546 969 1606 eius
997 1545 1151 1623 patienter

155 1657 333 1726 exspectere
349 1649 475 1721 solebat,
488 1647 615 1707 ancilles
630 1667 714 1706 nunc
728 1647 830 1706 medie
843 1655 942 1719 nocte,
955 1665 1037 1706 nunc
1052 1655 1151 1724 prime

155 1749 231 1822 luce,
246 1767 367 1825 semper
382 1758 484 1808 tamen
499 1748 648 1807 maturius
664 1766 758 1825 quam
773 1753 901 1819 antee,e
917 1753 1026 1807 somne
1041 1746 1151 1806 excite-

155 1849 206 1909 vit.
252 1849 391 1908 Ancillae
417 1848 516 1926 igitur,
544 1867 623 1925 quae
648 1848 692 1907 ita
717 1853 750 1907 se
772 1846 956 1920 fefellerant,
982 1853 1038 1924 pro
1063 1853 1151 1906 tante

155 1948 291 2009 facinore
306 1949 415 2026 dignes
430 1956 547 2024 poenes
562 1949 782 2025 persolverunt.

221 2083 236 2132 e
248 2083 342 2133 somne
353 2081 479 2147 excitire,
493 2080 533 2144 78,
549 2096 569 2128 1.
745 2081 833 2132 seceri
851 2080 995 2146 percussit,
1007 2079 1047 2136 62,
1061 2079 1094 2128 ad
1106 2079 1150 2128 fin.

221 2164 430 2230 cenatituerunt,
444 2178 483 2229 73,
496 2164 519 2213 6.
744 2162 911 2230 fefellerant,
923 2164 993 2213 from
999 2163 1076 2229 salle.

434 2371 481 2428 88.
521 2373 703 2429 Inattention
721 2373 869 2430 Rebuked.

199 2502 433 2573 Demosthenes,
451 2500 500 2559 ille
523 2508 625 2561 eretor
646 2501 841 2574 clarissimus,
859 2499 944 2578 quod
958 2506 1007 2559 res
1028 2499 1152 2576 psrblica

157 2602 189 2659 in
204 2620 355 2660 summurn
371 2601 535 2660 discrimen
558 2602 692 2660 adducta
714 2611 762 2661 est
780 2620 835 2678 per
856 2600 985 2660 censilia
1007 2599 1151 2677 Philippi,

158 2702 366 2762 Macedonum
381 2701 470 2778 regis,
488 2702 695 2761 Athenienses
711 2702 749 2760 de
764 2700 899 2777 pericule
915 2700 999 2777 quod
1017 2699 1153 2758 immine

157 2804 211 2862 hat
232 2822 325 2879 saepe
347 2803 502 2861 monebat.
548 2804 716 2879 Postquam
742 2801 856 2860 diutius
882 2808 966 2861 mere
989 2806 1046 2859 sud
1069 2806 1153 2858 cives

157 2903 296 2961 hortatus
312 2912 367 2975 est,
384 2911 511 2961 miretus
527 2902 610 2978 quod
632 2902 733 2961 surdis
755 2900 881 2960 auribus
896 2901 990 2959 verba
1007 2899 1151 2971 faciebat,

158 3002 260 3062 subite
275 3009 382 3061 vecem
397 3001 533 3061 mutavit.
580 3003 704 3061 “Ceres
726 3000 830 3074 elim,’'
848 3000 957 3077 inquit,
975 3007 1063 3059 “une
1083 3019 1153 3058 curn

158 3101 320 3160 hirundine
340 3111 371 3160 et
393 3120 492 3179 angue
515 3101 631 3161 itineris
648 3100 811 3160 comitibus
833 3101 980 3177 profecta,
997 3100 1037 3158 ad
1059 3099 1154 3158 altum

158 3201 297 3279 pervenit
319 3201 440 3274 flumen,
466 3202 549 3278 quod
578 3201 712 3261 trainevit
740 3200 858 3279 anguis,
889 3200 1021 3259 hirundo
1050 3209 1154 3258 autem

157 3311 269 3379 pennis
293 3300 521 3361 transvolavit3'
567 3302 629 3360 Hic
656 3301 709 3360 ubi
731 3308 834 3360 oretor
856 3300 959 3360 subite
981 3306 1154 3360 sermenem

158 3400 327 3476 interrupit,
346 3403 411 3459 “At
428 3402 522 3461 Ceres
538 3400 605 3478 ipsa
627 3408 690 3477 que
711 3402 803 3460 modo
826 3400 954 3460 traiecta
975 3410 1023 3460 est
1035 3403 1045 3460 ?
1057 3401 1074 3427 ”
1106 3419 1155 3459 ex-

159 3490 306 3575 ceperunt
321 3506 412 3559 cives.
457 3502 536 3558 Tum
558 3500 609 3558 ille
624 3500 708 3559 voltu
728 3507 844 3572 severe,
863 3500 1050 3576 “Numquid
1065 3500 1154 3559 vebis
