2692 3959
521 296 599 346 rna
621 298 859 376 Anconam.
905 273 906 276 ’
1139 299 1185 351 103

188 485 244 546 per
257 465 394 526 medium
415 464 549 543 spatium
564 466 679 525 volevit
694 479 726 525 et
745 466 923 543 priusquam
936 474 1026 543 rupes
1043 466 1185 526 conflixe-

188 578 259 627 runt
273 566 436 626 incolumis
452 566 558 639 evasit,
576 567 675 625 caude
694 576 815 625 tanturn
831 575 954 625 amissa.
1000 568 1079 624 Tum
1094 574 1185 643 rupes

189 668 341 745 utrimque
364 667 592 737 discesserunt3
620 675 787 742 antequam
809 677 913 725 tamen
935 676 1039 726 rursus
1061 685 1186 726 concur-

188 778 298 840 rerent,
310 770 508 844 Argonautae
519 767 599 825 bene
612 765 827 843 intellegentes
839 786 962 826 omnem
978 786 1064 844 spem
1078 767 1185 826 salutis

189 868 220 926 in
237 867 393 927 celeritate
416 866 549 944 positam
564 885 634 926 esse
657 875 776 925 summai
798 875 828 924 vi
850 873 942 925 remis
957 868 1185 926 contenderunt

189 977 220 1026 et
235 976 344 1026 navem
360 966 544 1025 incolumem
560 966 775 1043 perduxerunt.
821 967 894 1025 Hec
905 967 998 1039 facte,
1010 967 1058 1025 dis
1070 966 1184 1043 greties

189 1067 321 1127 libenter
344 1074 480 1143 egerunt,
498 1073 628 1141 quorum
651 1065 765 1124 auxilie
781 1072 797 1123 e
813 1073 901 1125 tante
926 1066 1063 1142 pericule
1087 1073 1184 1142 erepti

189 1176 311 1226 essent:
333 1167 414 1225 bene
430 1165 512 1225 enim
527 1165 668 1237 sciebant
686 1171 749 1225 nen
765 1165 831 1224 sine
848 1165 961 1225 auxilie
978 1167 1104 1225 deerum
1120 1185 1183 1224 rem

189 1267 232 1326 ita
246 1267 378 1326 feliciter
392 1266 541 1326 evenisse.

507 1456 571 1513 124.
612 1442 639 1497 A
657 1443 760 1517 Heavy
779 1444 869 1499 Task.

233 1574 321 1631 Brevi
336 1571 511 1631 intermisse
527 1569 637 1646 spatie,
657 1573 857 1647 Argonautae
873 1572 915 1630 ad
930 1570 1042 1630 flumen
1060 1571 1184 1631 Phasim
1215 1651 1220 1658 ⁴

189 1679 348 1744 venerunt,
362 1672 446 1748 quod
458 1671 489 1729 in
501 1670 618 1731 finibus
631 1670 815 1731 Colcherum
826 1681 900 1731 erat.
933 1671 981 1730 Ibi
994 1691 1062 1730 cum
1074 1681 1184 1731 navem

190 1772 384 1848 appulissent
399 1780 429 1830 et
448 1771 606 1830 interram
628 1778 745 1848 egressi
767 1780 881 1844 essent,
899 1771 1004 1830 statim
1020 1772 1060 1830 ad
1081 1779 1184 1849 regem

190 1874 319 1931 Aeetem
343 1879 377 1931 se
401 1871 599 1931 contulerunt
621 1881 653 1930 et
677 1873 716 1931 ab
732 1879 770 1931 ee
785 1871 1020 1948 postulaverunt
1038 1881 1072 1929 ut
1087 1872 1184 1930 vellus

190 1990 315 2031 aureum
341 1971 400 2031 sibi
426 1972 605 2030 traderetur.
651 1970 708 2030 Ille
734 1990 803 2030 cum
831 1971 1000 2029 audivisset
1026 1990 1117 2048 quam
1144 1972 1184 2031 ob

190 2090 315 2131 causam
338 2074 536 2149 Argonautae
559 2071 726 2143 venissent,
744 2080 789 2130 irai
812 2078 984 2131 commetus
1008 2080 1056 2129 est
1079 2081 1110 2130 et
1133 2071 1185 2130 diri

190 2172 324 2249 negebat
339 2178 372 2231 se
384 2171 483 2231 vellus
497 2171 679 2231 traditurum
695 2190 772 2231 esse.
819 2171 959 2229 Tandem
974 2180 1087 2243 tamen,
1102 2170 1184 2246 quod

190 2272 309 2331 sciebat
331 2274 475 2331 Iasonem
498 2279 561 2331 nen
583 2272 650 2330 sine
666 2270 780 2330 auxilie
795 2271 921 2330 deorum
945 2270 1004 2330 hec
1026 2270 1184 2346 negetium

190 2371 373 2449 suscepisse,
387 2379 504 2431 mutate
516 2370 671 2431 sententia
684 2370 824 2447 premisit
839 2378 872 2430 se
884 2370 981 2429 vellus
993 2370 1182 2441 traditurum,

190 2479 216 2531 si
241 2474 335 2532 lesen
360 2471 481 2531 laberes
505 2471 584 2531 dues
606 2470 803 2530 difficillimes
818 2470 902 2546 prius
926 2469 1123 2546 perfecisset3
1155 2480 1185 2528 et

190 2591 259 2631 cum
273 2574 364 2631 lesen
377 2570 506 2630 dixisset
516 2577 549 2630 se
560 2571 599 2630 ad
615 2570 720 2629 omnia
729 2571 865 2647 pericula
875 2569 1036 2628 subeunda
1045 2577 1184 2645 paratum

190 2690 269 2744 esse,
286 2671 360 2748 quid
380 2673 446 2730 fieri
460 2671 561 2741 vellet,
579 2670 724 2730 ostendit.
771 2673 904 2728 Primum
929 2669 1077 2744 iungendi
1097 2678 1186 2726 erant

191 2772 253 2831 duo
275 2780 353 2830 tauri
375 2770 479 2848 specie
501 2770 648 2843 horribili,
667 2779 720 2846 qui
742 2768 881 2828 flammas
899 2788 937 2826 ex
959 2776 1011 2827 ere
1030 2768 1185 2839 edebant;

190 2880 263 2944 tum,
288 2872 336 2930 his
365 2871 487 2943 iunctis,
516 2890 588 2948 ager
612 2870 737 2946 quidam
764 2869 898 2928 arandus
924 2877 989 2926 erat
1019 2877 1050 2925 et
1076 2868 1185 2926 dentes

190 2970 333 3030 dracenis
363 2971 494 3030 serendi.
555 2972 615 3028 His
645 2970 767 3041 auditis,
800 2970 903 3039 Iasen,
931 2976 990 3026 etsi
1023 2986 1087 3026 rem
1117 2985 1186 3026 esse

191 3079 301 3129 summi
322 3070 449 3148 periculi
472 3070 681 3146 intellegebat,
699 3078 812 3140 tamen,
829 3074 868 3126 ne
891 3067 971 3125 hanc
989 3066 1185 3126 occesienem

191 3180 235 3229 rei
249 3172 329 3230 bene
344 3171 498 3249 gerendae
513 3170 676 3241 emitteret,
693 3168 851 3246 negetium
866 3167 1009 3244 suscepit.
1027 3160 1032 3174 ’

460 3365 523 3424 125.
555 3348 625 3405 'The
644 3350 741 3420 Magio
760 3349 922 3405 Ointment.

234 3481 276 3539 At
291 3480 413 3550 Medea,
429 3478 510 3555 regis
529 3476 604 3548 filia,
622 3479 766 3536 Iesonem
781 3474 936 3534 adamevit
950 3483 981 3533 et
1001 3473 1054 3532 ubi
1070 3474 1187 3534 audivit

193 3598 262 3639 eum
277 3589 396 3639 tantum
412 3578 579 3655 periculum
596 3576 767 3636 subiturum
783 3594 861 3648 esse,
873 3593 938 3634 rem
953 3581 1043 3651 aegre
1058 3574 1184 3634 ferebat.
