2692 3959
551 300 789 349 ANECDOTES.

459 512 507 573 74.
547 499 574 555 Δ
593 500 761 571 Pmmising
780 500 879 569 Pupil.

215 627 358 690 Medicus
388 628 513 704 quidam
541 627 702 704 gluriesus,
734 636 786 704 qui
822 626 953 686 maxima
989 636 1173 705 paupertate

172 730 376 807 premebatur,
393 727 531 787 omnium
551 726 670 786 animbs
690 728 721 785 in
742 735 776 787 se
796 737 972 787 convertere
987 727 1091 787 voluit.
1138 731 1172 787 Is

172 829 263 907 igitur
285 829 358 887 dum
380 847 435 906 per
457 829 564 888 urbem
586 827 691 887 album
714 827 834 886 asinum
857 828 949 900 ducit,
967 837 1079 905 magna
1094 835 1171 889 vtice

172 929 357 1002 clamitabat,
386 930 511 987 “Hunc
537 948 629 1006 quem
650 928 763 998 videtis
785 929 914 1001 asinum,
938 935 1029 1004 cives,
1053 928 1171 989 litteras

173 1031 300 1089 Latinas
316 1031 426 1089 docere
443 1030 600 1106 possum.’'
645 1030 725 1088 Tum
740 1035 801 1100 rex,
815 1037 864 1087 cui
879 1028 911 1087 id
926 1028 1100 1088 nuntiatum
1112 1038 1169 1102 est,

173 1139 337 1208 postquam
363 1129 519 1188 hominem
548 1131 589 1188 ad
617 1136 650 1188 se
681 1128 848 1202 arcessivit,
874 1147 943 1187 eum
972 1148 1037 1187 rem
1066 1129 1171 1189 statim

173 1231 319 1308 perficere
345 1228 443 1290 iussit.
489 1233 521 1289 Is
544 1236 617 1289 vers>
643 1248 768 1307 operam
793 1228 925 1289 libenter
950 1229 1086 1306 suscipit,
1114 1231 1171 1290 sed

173 1349 288 1390 moram
309 1332 415 1390 decem
431 1338 581 1389 annbrum
607 1330 751 1407 postulat.
797 1331 926 1389 Posteri>
952 1329 1002 1389 die
1028 1340 1106 1389 unus
1133 1349 1172 1390 ex

173 1439 280 1490 amicis
300 1430 454 1490 medicum
471 1430 514 1490 ita
536 1429 715 1503 admonuit3
748 1437 765 1464 ‘⁴
777 1432 868 1507 Fuge,
886 1437 905 1490 ὁ
927 1428 1116 1502 stultissime,
1133 1449 1172 1489 ex

173 1532 232 1592 hac
245 1530 380 1609 regibue,
396 1540 430 1590 tu
444 1530 527 1589 enim
542 1529 653 1607 capitis
675 1537 757 1590 certe
780 1530 984 1603 damnaberis,
1002 1531 1085 1608 quod
1106 1549 1171 1590 rem

174 1650 253 1709 quae
282 1632 348 1690 fieri
377 1638 440 1690 nun
468 1639 572 1708 potest
601 1630 796 1708 suscepisti.''
840 1633 882 1689 At
911 1630 971 1703 ille,
997 1633 1111 1690 “Bonti
1137 1649 1172 1690 es

174 1732 285 1804 animi),
310 1740 428 1803 amice;
466 1750 537 1790 nam
561 1732 669 1791 decem
693 1739 783 1789 annis
808 1740 861 1790 aut
882 1749 940 1809 ego
964 1739 1017 1789 aut
1041 1737 1094 1790 rex
1119 1740 1173 1790 aut

174 1831 279 1892 asinus
293 1830 528 1912 pcciderimus.''

240 1966 421 2030 premittitur,
435 1963 473 2029 38,
487 1978 511 2026 7.
697 1963 798 2029 capitis
807 1964 989 2030 damuibems,
999 1963 1040 2026 64,
1050 1962 1083 2013 ad
1094 1963 1137 2012 sm.

239 2048 393 2113 arcessivit,
406 2049 545 2097 advocam't.
697 2047 883 2114 occiderimus,
896 2060 935 2109 47,
948 2061 971 2110 7.

335 2309 338 2314 Α
434 2242 482 2303 75·
522 2230 668 2301 counting
687 2231 738 2286 her
757 2231 908 2287 chickene.

217 2357 339 2437 Phyllis,
362 2357 474 2417 ancilla
495 2359 657 2434 quaedam,
678 2357 885 2417 mulctrarium
908 2366 980 2416 novi
1001 2357 1090 2417 lactis
1112 2356 1173 2433 ple

175 2477 248 2516 num
278 2458 391 2518 Nblam
419 2458 545 2517 ferebat.
606 2459 688 2517 Dum
718 2459 776 2516 iter
804 2457 887 2530 facit,
918 2466 990 2516 suas
1022 2464 1097 2534 opes
1129 2456 1175 2515 ita

175 2559 365 2618 numerabat.
412 2559 562 2629 “Certe''
590 2557 699 2634 inquit,
728 2557 809 2617 “ubi
838 2559 885 2618 lac
910 2557 1087 2630 vendidere,
1115 2564 1175 2617 Ova

175 2659 330 2736 complura
344 2665 453 2735 poteri>
468 2676 578 2716 emere.
624 2661 737 2718 Nt'mne
750 2678 788 2717 ex
804 2666 869 2718 uvis
887 2667 1054 2735 gignuntur
1072 2657 1173 2735 pulli?

175 2778 213 2819 ex
228 2758 319 2837 pullis
348 2760 531 2837 argentum?
576 2759 656 2817 Tum
683 2778 768 2819 suem
795 2777 896 2818 emere
922 2758 953 2816 in
983 2758 1086 2817 animf)
1115 2767 1172 2831 est,

175 2878 254 2936 quae
269 2860 356 2918 brevi
371 2859 514 2936 porculas
536 2859 648 2918 multbs
669 2858 744 2917 mihi
767 2858 873 2935 pariet.
919 2858 997 2917 Inde
1019 2858 1076 2918 erit
1097 2858 1175 2916 mihi

174 2979 269 3019 vacca
282 2983 289 3032 ;
313 2978 371 3018 nec
383 2960 478 3019 multi>
490 2969 561 3035 post
572 2958 686 3019 vitulus
697 2960 786 3020 tusci>
799 2960 910 3032 colere,
924 2959 1021 3018 oeulis
1037 2958 1176 3035 pulcher·

175 3059 268 3118 rimis.
314 3059 440 3132 Quanta
468 3058 586 3121 laetitia
615 3059 751 3132 vitulum,
783 3060 855 3120 dum
885 3060 977 3119 saltat
1006 3058 1037 3117 in
1066 3065 1173 3135 pratis,

176 3158 324 3237 aspiciam
338 3163 344 3217 t
357 3159 373 3185 ''
413 3160 502 3218 Haec
514 3158 567 3217 ubi
579 3159 663 3232 dixit,
676 3178 749 3235 prae
761 3159 875 3236 gaudis>
888 3159 1011 3219 saltavit
1023 3158 1099 3235 ipsa,
1111 3165 1176 3236 qus)

176 3259 279 3320 subiti)
295 3266 379 3318 metu
395 3258 442 3317 laic
454 3277 544 3317 omne
557 3267 617 3321 una
629 3278 698 3317 cum
712 3258 885 3318 divitiarum
898 3266 953 3335 spe
969 3259 1100 3318 effusum
1115 3269 1172 3320 est.

242 3392 316 3455 opis,
329 3391 441 3438 divititis.
766 3390 864 3455 pariet,
875 3392 952 3455 feret.

242 3486 328 3537 suem,
340 3472 409 3521 from
420 3479 471 3522 sais.
767 3472 853 3539 fusci),
867 3476 949 3537 m'grff.

242 3556 328 3621 brevi,
341 3557 413 3605 brevi
420 3563 536 3619 tempora
767 3556 891 3622 effusum,
904 3557 973 3610 from
984 3558 1091 3623 effundi.
