2692 3959
551 299 791 348 Anacnoras.
1136 296 1171 364 8⁹

168 465 273 544 gister,
306 474 358 542 qui
394 468 497 525 omnia
527 467 695 540 audiverat,
726 476 760 525 ut
796 465 917 526 asinum
953 474 1010 543 pro
1038 465 1170 527 consilio

169 574 299 642 pfiniret,
318 585 388 625 eum
403 575 507 627 aratro
521 575 577 644 pro
593 567 672 627 bove
688 566 774 645 iungi
789 566 887 626 iussit.

237 700 407 765 querebatur,
421 700 453 749 cf.
466 714 490 760 4,
502 700 526 750 6.
727 699 795 765 edis,
808 700 849 764 89,
862 714 886 765 3.

237 783 350 849 pateris,
362 783 431 831 from
438 786 534 845 patior.
730 783 886 848 attulerint,
898 783 968 833 from
979 784 1076 849 adsero.

237 865 361 933 miritis,
374 866 415 925 88,
427 866 462 915 ad
473 866 518 916 fin.
730 869 778 932 pro
793 867 915 933 consilio,
929 868 957 916 ob
967 869 1112 916 consilium.

334 1079 398 1139 103.
438 1067 499 1122 rie
518 1048 669 1140 nonreyn
689 1067 1007 1123 nanee-contium

211 1194 350 1270 Vesperi,
372 1191 425 1253 ubi
452 1194 557 1254 asinus
586 1195 691 1254 labore
721 1201 842 1253 insueto
872 1193 1014 1253 defessus
1040 1192 1080 1252 ad
1108 1200 1168 1251 sta·

169 1293 275 1352 bulum
304 1293 403 1367 rediit,
430 1303 449 1353 a
475 1295 587 1354 comite
613 1302 741 1354 summis
767 1293 910 1353 laudibus
936 1303 1084 1371 acceptus
1110 1303 1166 1352 est.

170 1394 228 1451 Ille
240 1402 351 1466 autem,
368 1401 459 1470 quem
481 1395 592 1471 prioris
614 1394 725 1455 consili
747 1394 808 1453 iam
830 1393 1019 1471 poenitebat,
1035 1402 1167 1452 amicum

169 1493 212 1551 ita
234 1493 360 1553 monuit.
408 1496 530 1568 “Cave
546 1503 588 1552 mi
611 1504 716 1567 amice,
734 1501 773 1554 ne
795 1494 880 1554 istud
901 1494 998 1554 otium
1020 1492 1077 1552 tibi
1098 1492 1167 1570 plus

170 1612 262 1669 quam
277 1594 364 1653 labor
379 1594 527 1670 pristinus
542 1605 662 1655 noceat.
708 1597 737 1654 N
740 1604 816 1671 siper
837 1593 927 1667 enim,
944 1593 1017 1653 dum
1033 1613 1070 1653 ex
1085 1601 1167 1671 agris

169 1695 271 1766 redeo,
299 1702 438 1753 nostrum
464 1695 568 1754 audivi
594 1695 781 1772 magistrum,
810 1703 863 1772 qui
888 1701 919 1753 te
944 1702 1012 1753 cras
1041 1700 1167 1753 mactari

168 1793 267 1865 iussit,
291 1795 351 1853 nisi
373 1814 466 1872 opere
490 1795 581 1854 solito
603 1796 691 1873 fungi
713 1795 817 1855 velles.
864 1796 912 1854 Ne
933 1800 963 1853 te
986 1792 1052 1852 sine
1072 1801 1167 1852 causa

168 1902 256 1954 tanto
270 1894 407 1971 periculo
422 1894 600 1955 obtuleris.’'
645 1895 768 1969 Quibus
782 1895 885 1954 verbis
904 1892 1082 1970 perterritus
1097 1894 1164 1966 bon

169 2002 223 2070 qui
254 1995 385 2055 cultrum
414 1995 584 2054 sacerdotis
615 1995 675 2054 iam
705 1995 808 2054 animo
840 1993 1021 2071 praesensit,
1051 1992 1166 2070 gratias

169 2094 257 2155 asino
271 2102 327 2172 pro
342 2095 472 2155 consilio
488 2095 650 2155 ntilissimo
666 2095 737 2174 egit.
783 2097 911 2155 Postero
932 2094 1024 2172 igitur
1042 2092 1092 2152 die
1113 2092 1165 2153 ubi

169 2194 303 2273 agricola
329 2203 419 2272 agros
445 2196 555 2255 iterum
580 2205 664 2255 arare
688 2195 793 2266 voluit,
817 2196 874 2254 bos
898 2195 970 2272 iugo
996 2201 1166 2272 repugnare

169 2302 230 2355 non
248 2314 349 2367 ausus,
367 2294 433 2373 ipse
449 2315 538 2355 suum
554 2296 666 2355 collum
682 2303 784 2355 aratro
798 2294 948 2373 praebuit.

235 2429 351 2494 vesperi,
364 2415 404 2492 92,
419 2441 441 2493 5.
726 2428 865 2494 obtuleris,
877 2429 947 2476 from
959 2429 1040 2492 offero·⁸

234 2512 473 2577 Pfissfissfltirprif’r·
727 2512 832 2577 gratias
846 2549 852 2562 .
868 2549 874 2562 .
890 2511 978 2576 egit,
992 2525 1031 2570 22,
1043 2509 1066 2559 8.

236 2593 325 2660 fungi,
333 2596 462 2660 perficere.
726 2596 860 2660 praebuit,
869 2597 996 2657 porrexit,
1009 2594 1049 2651 60,
1062 2607 1083 2655 7.

384 2792 448 2847 104.
488 2778 549 2834 The
568 2778 686 2835 Bottom
705 2778 736 2834 of
757 2780 808 2834 the
827 2776 964 2869 stream..

211 2905 345 2964 Boeotus
361 2904 495 2981 quidam,
512 2914 565 2980 qui
582 2924 638 2982 per
657 2914 769 2963 terram
790 2910 926 2982 ignotam
945 2903 1003 2961 iter
1022 2900 1164 2974 faciebat,

168 3004 208 3063 ad
229 3003 343 3064 flsrmen
366 3013 554 3077 montanum,
572 3005 656 3081 quod
674 3005 756 3063 viam
775 3003 1008 3075 interclndebat,
1029 3001 1163 3061 advenit.

169 3106 279 3181 Itaque
294 3112 422 3163 miratus
437 3105 521 3180 quod
536 3113 623 3164 tanta
637 3114 684 3164 vis
700 3124 797 3181 aquae
819 3105 858 3163 ab
881 3112 941 3163 nna
963 3110 1050 3179 parte
1067 3102 1166 3162 volve·

166 3203 267 3274 batur,
294 3202 347 3262 din
370 3203 524 3280 patienter
549 3205 758 3282 exspectabat,
786 3204 858 3262 dum
885 3203 1033 3262 deflueret
1058 3200 1165 3260 amnis.

167 3302 317 3374 Tandem,
344 3304 428 3378 quod
456 3304 596 3362 morandi
624 3323 695 3363 eum
724 3304 877 3375 taedebat,
906 3322 963 3362 nec
992 3311 1038 3361 vis
1067 3320 1167 3378 aquae

167 3410 293 3462 omnino
315 3402 519 3477 minuebatur,
544 3404 718 3481 agricolam,
740 3412 792 3481 qui
810 3404 890 3462 forte
914 3402 1045 3474 astabat,
1066 3401 1167 3477 appel·

167 3502 249 3562 lavit.
300 3504 384 3575 “Tri,
423 3504 570 3579 quaeso,''
608 3503 717 3579 inquit,
749 3511 848 3562 “vera
885 3501 958 3560 mihi
994 3499 1165 3577 responde:
