2692 3959
164 293 196 343 32
542 293 793 344 COMPARISON.

165 479 235 521 cum
248 460 360 521 virtute
376 461 592 522 sustinuerant
637 462 788 535 Tandem,
805 460 858 521 ubi
873 460 949 520 nihil
963 460 1026 520 cibi
1040 478 1162 538 supere-
1232 431 1240 460 ⁵

165 571 219 634 rat,
236 561 400 638 miserique
415 569 498 621 cives
513 568 615 621 mures
630 571 661 622 et
676 561 772 638 pelles
787 561 931 633 edebant,
948 580 1017 620 cum
1033 568 1104 638 rege
1121 560 1161 619 de

165 661 321 721 deditione
338 661 479 739 agebant.
521 665 563 721 At
577 668 638 733 rex,
652 671 776 739 propter
791 671 908 721 tantam
923 660 1057 720 hostium
1072 660 1163 737 perti-

158 760 286 820 naciam
301 769 403 833 iratus,
421 769 530 821 saevas
546 761 745 821 condiciones
767 761 853 838 pacis
873 760 1004 837 imponit
1024 770 1163 820 mortem-

166 880 226 938 que
241 861 404 921 duodecim
419 862 592 938 principum
607 862 750 938 postulat.
796 861 869 921 Sine
892 869 978 920 mora
999 860 1162 920 duodecim

166 962 223 1020 viri
238 968 270 1020 se
286 969 342 1037 pro
357 961 457 1038 patria
472 961 633 1021 devovent.
680 961 757 1021 Inde
773 962 901 1021 comites
916 968 1025 1020 maesti
1036 959 1162 1020 fiinibus

166 1060 243 1120 colla
259 1069 425 1121 amicorum
441 1061 580 1121 vinciunt
594 1068 710 1137 eosque
726 1061 765 1120 ad
780 1068 883 1138 regem
899 1060 1023 1119 discunt.

233 1210 345 1276 incolae,
355 1211 378 1267 6,
392 1225 414 1259 2.
756 1210 889 1276 postulat,
905 1224 941 1275 15,
957 1223 977 1275 5.

232 1293 289 1357 ubi,
303 1308 341 1350 22,
357 1307 377 1359 5.
757 1292 879 1358 fiinibus,
893 1306 931 1354 27,
948 1307 968 1340 1.

232 1378 360 1442 agebant,
376 1390 413 1442 13,
429 1392 466 1426 12.
756 1376 892 1442 vinciunt,
908 1389 944 1442 15,
958 1390 980 1437 7.

353 1619 401 1680 35.
437 1608 498 1665 The
517 1608 603 1680 siege
621 1608 651 1664 of
669 1573 975 1665 calais-continued

209 1753 277 1810 Rex
292 1750 371 1811 inter
387 1751 506 1811 nobiles
521 1751 553 1810 in
568 1751 722 1828 praetorio
734 1751 871 1811 sedebat.
904 1754 1032 1827 Iamque
1046 1759 1164 1811 maesta

167 1851 256 1910 turba
278 1851 390 1910 civium
412 1859 551 1928 captivos
574 1852 613 1911 ad
634 1852 735 1911 locum
758 1851 842 1911 ducit
871 1858 1039 1928 omnesque
1060 1851 1165 1910 multis

167 1970 237 2010 curn
258 1951 400 2028 precibus
423 1953 462 2010 ad
489 1952 584 2029 pedes
607 1952 731 2012 victoris
757 1953 880 2012 cadunt.
925 1955 967 2011 At
991 1958 1045 2010 rex
1070 1951 1165 2010 diuus

168 2058 275 2126 preces
302 2059 407 2111 eorum
433 2052 550 2128 spernit
574 2052 745 2128 avertitque
769 2053 894 2112 voltum.
940 2054 1031 2112 Forte
1057 2058 1165 2128 regina

168 2169 231 2209 rem
253 2151 433 2228 cognoscit3
465 2151 567 2211 statim
590 2152 629 2210 ad
650 2152 836 2228 praetorium
862 2161 1005 2228 properat
1029 2159 1164 2227 suasque

168 2250 309 2309 lacrimas
334 2271 403 2310 cum
429 2252 572 2327 precibus
598 2252 710 2311 civium
739 2252 847 2329 iungit.
894 2253 971 2311 “Da
1001 2250 1083 2349 mihi,
1111 2258 1165 2310 rex

168 2351 309 2427 migne,”
326 2350 433 2427 inquit,
449 2358 555 2411 “vitas
570 2352 680 2410 horum
695 2351 823 2411 fortium·
835 2351 969 2411 virorum
982 2374 989 2424 ;
1013 2358 1117 2410 nonne
1131 2351 1165 2409 hi

168 2456 250 2508 recte
272 2468 359 2508 suam
380 2450 509 2527 patriam
531 2451 761 2511 defenderunt?
776 2453 793 2478 ''
839 2454 907 2510 Rex
932 2458 1030 2528 primo
1056 2457 1165 2527 preces

169 2557 231 2608 non
247 2549 340 2623 audit,
357 2551 481 2610 tandem
497 2550 640 2610 lacrimae
658 2552 762 2612 uxoris
783 2560 858 2610 iram
877 2550 1003 2610 vincunt
1022 2569 1165 2628 poenam-

170 2668 229 2725 que
244 2659 374 2726 captivis
389 2650 524 2710 remittit.

235 2784 350 2846 maesta,
364 2795 423 2846 opp.
436 2785 509 2842 laeta,
524 2797 562 2847 27,
578 2799 615 2834 ιο.
758 2784 945 2851 defenderunt,
959 2798 998 2848 27,
1010 2799 1033 2846 4.

235 2865 367 2930 precibus,
381 2880 420 2930 33,
436 2880 456 2913 1.
758 2882 882 2934 poenam,
896 2882 919 2931 9,
931 2881 955 2931 7.

527 3085 802 3137 COMPARISON.

214 3220 270 3280 22.
302 3220 348 3304 (1)
374 3220 485 3283 When
502 3230 568 3284 two
588 3222 703 3304 things
729 3243 784 3285 are
809 3224 986 3305 compared
1011 3223 1092 3307 they
1108 3242 1166 3287 are

168 3336 229 3408 put
247 3327 318 3389 into
335 3328 393 3391 the
411 3350 502 3392 same
519 3350 596 3393 case
612 3331 678 3393 and
696 3331 838 3413 coupled
854 3332 899 3416 by
916 3354 1025 3415 quam.

243 3498 311 3551 amo
324 3500 356 3552 te
369 3504 464 3566 magis
477 3516 565 3568 quam
578 3518 652 3563 eum.
666 3503 688 3555 I
698 3502 760 3555 love
769 3520 831 3573 you
844 3520 922 3557 more
935 3504 1006 3558 than
1019 3504 1089 3559 him.
