<?xml version="1.0" encoding="UTF-8"?>
<!DOCTYPE html PUBLIC "-//W3C//DTD XHTML 1.0 Transitional//EN"
    "http://www.w3.org/TR/xhtml1/DTD/xhtml1-transitional.dtd">
<html xmlns="http://www.w3.org/1999/xhtml" xml:lang="en" lang="en">
 <head>
  <title>
</title>
<meta http-equiv="Content-Type" content="text/html;charset=utf-8" />
  <meta name='ocr-system' content='tesseract 3.04.00' />
  <meta name='ocr-capabilities' content='ocr_page ocr_carea ocr_par ocr_line ocrx_word'/>
</head>
<body>
  <div class='ocr_page' id='page_1' title='image "./newgradatimarev00heatgoog_0098.png"; bbox 0 0 2692 3959; ppageno 0'>
   <div class='ocr_carea' id='block_1_1' title="bbox 164 268 783 345">
    <p class='ocr_par' dir='ltr' id='par_1_1' title="bbox 164 268 783 345">
     <span class='ocr_line' id='line_1_1' title="bbox 164 268 783 345; baseline -0.002 -1"><span class='ocrx_word' id='word_1_1' title='bbox 164 292 198 344; x_wconf 81' lang='lat'>86</span> <span class='ocrx_word' id='word_1_2' title='bbox 543 268 783 345; x_wconf 71' lang='lat' dir='ltr'>nuncno&#39;rrs.</span> 
     </span>
    </p>
   </div>
   <div class='ocr_carea' id='block_1_2' title="bbox 163 462 1163 1223">
    <p class='ocr_par' dir='ltr' id='par_1_2' title="bbox 163 462 1163 1223">
     <span class='ocr_line' id='line_1_2' title="bbox 164 462 1162 540; baseline 0 -19"><span class='ocrx_word' id='word_1_3' title='bbox 164 462 328 539; x_wconf 81' lang='lat' dir='ltr'>elephanti,</span> <span class='ocrx_word' id='word_1_4' title='bbox 346 463 457 539; x_wconf 92' lang='lat' dir='ltr'>quibus</span> <span class='ocrx_word' id='word_1_5' title='bbox 474 482 586 540; x_wconf 90' lang='lat' dir='ltr'>aquam</span> <span class='ocrx_word' id='word_1_6' title='bbox 601 463 667 523; x_wconf 91' lang='lat' dir='ltr'>sine</span> <span class='ocrx_word' id='word_1_7' title='bbox 685 463 776 522; x_wconf 75' lang='lat' dir='ltr'>noxie</span> <span class='ocrx_word' id='word_1_8' title='bbox 798 463 882 522; x_wconf 88' lang='lat' dir='ltr'>adire</span> <span class='ocrx_word' id='word_1_9' title='bbox 905 469 968 522; x_wconf 80' lang='lat' dir='ltr'>nen</span> <span class='ocrx_word' id='word_1_10' title='bbox 991 462 1113 536; x_wconf 89' lang='lat' dir='ltr'>licebat,</span> <span class='ocrx_word' id='word_1_11' title='bbox 1127 463 1162 521; x_wconf 90' lang='lat' dir='ltr'>in</span> 
     </span>
     <span class='ocr_line' id='line_1_3' title="bbox 166 563 1163 641; baseline 0.001 -20"><span class='ocrx_word' id='word_1_12' title='bbox 166 563 312 622; x_wconf 78' lang='lat' dir='ltr'>Sinenem</span> <span class='ocrx_word' id='word_1_13' title='bbox 343 563 477 623; x_wconf 79' lang='lat' dir='ltr'>universi</span> <span class='ocrx_word' id='word_1_14' title='bbox 506 564 654 641; x_wconf 88' lang='lat' dir='ltr'>impetum</span> <span class='ocrx_word' id='word_1_15' title='bbox 680 564 820 622; x_wconf 80' lang='lat' dir='ltr'>fecerunt</span> <span class='ocrx_word' id='word_1_16' title='bbox 845 564 1023 640; x_wconf 89' lang='lat' dir='ltr'>crebrisque</span> <span class='ocrx_word' id='word_1_17' title='bbox 1048 563 1163 623; x_wconf 89' lang='lat' dir='ltr'>ictibus</span> 
     </span>
     <span class='ocr_line' id='line_1_4' title="bbox 164 662 1163 738; baseline 0.002 -19"><span class='ocrx_word' id='word_1_18' title='bbox 164 662 262 738; x_wconf 87' lang='lat' dir='ltr'>ipsam</span> <span class='ocrx_word' id='word_1_19' title='bbox 280 663 418 722; x_wconf 86' lang='lat' dir='ltr'>arborem</span> <span class='ocrx_word' id='word_1_20' title='bbox 438 663 585 723; x_wconf 79' lang='lat' dir='ltr'>redicitus</span> <span class='ocrx_word' id='word_1_21' title='bbox 607 664 786 723; x_wconf 88' lang='lat' dir='ltr'>evellerunt.</span> <span class='ocrx_word' id='word_1_22' title='bbox 832 663 910 722; x_wconf 88' lang='lat' dir='ltr'>Inde</span> <span class='ocrx_word' id='word_1_23' title='bbox 932 663 1030 722; x_wconf 90' lang='lat' dir='ltr'>virum</span> <span class='ocrx_word' id='word_1_24' title='bbox 1052 664 1163 723; x_wconf 90' lang='lat' dir='ltr'>attoni-</span> 
     </span>
     <span class='ocr_line' id='line_1_5' title="bbox 164 762 1162 841; baseline 0.003 -22"><span class='ocrx_word' id='word_1_25' title='bbox 164 772 229 820; x_wconf 90' lang='lat' dir='ltr'>tum</span> <span class='ocrx_word' id='word_1_26' title='bbox 244 772 434 840; x_wconf 91' lang='lat' dir='ltr'>mortemque</span> <span class='ocrx_word' id='word_1_27' title='bbox 451 772 684 841; x_wconf 87' lang='lat' dir='ltr'>exspectantem</span> <span class='ocrx_word' id='word_1_28' title='bbox 707 764 739 821; x_wconf 91' lang='lat' dir='ltr'>in</span> <span class='ocrx_word' id='word_1_29' title='bbox 760 772 880 841; x_wconf 87' lang='lat' dir='ltr'>tergum</span> <span class='ocrx_word' id='word_1_30' title='bbox 903 762 1076 823; x_wconf 77' lang='lat' dir='ltr'>sublevavit</span> <span class='ocrx_word' id='word_1_31' title='bbox 1097 763 1162 822; x_wconf 84' lang='lat' dir='ltr'>dux</span> 
     </span>
     <span class='ocr_line' id='line_1_6' title="bbox 163 862 1161 941; baseline 0.001 -20"><span class='ocrx_word' id='word_1_32' title='bbox 163 862 264 939; x_wconf 84' lang='lat' dir='ltr'>gregis</span> <span class='ocrx_word' id='word_1_33' title='bbox 285 862 437 940; x_wconf 78' lang='lat' dir='ltr'>longeque</span> <span class='ocrx_word' id='word_1_34' title='bbox 460 882 515 940; x_wconf 91' lang='lat' dir='ltr'>per</span> <span class='ocrx_word' id='word_1_35' title='bbox 542 863 635 923; x_wconf 75' lang='lat' dir='ltr'>silves</span> <span class='ocrx_word' id='word_1_36' title='bbox 659 864 699 923; x_wconf 85' lang='lat' dir='ltr'>ad</span> <span class='ocrx_word' id='word_1_37' title='bbox 726 882 796 923; x_wconf 91' lang='lat' dir='ltr'>eum</span> <span class='ocrx_word' id='word_1_38' title='bbox 820 864 921 923; x_wconf 90' lang='lat' dir='ltr'>locum</span> <span class='ocrx_word' id='word_1_39' title='bbox 943 863 1076 941; x_wconf 62' lang='lat' dir='ltr'>portavit</span> <span class='ocrx_word' id='word_1_40' title='bbox 1098 871 1161 940; x_wconf 79' lang='lat' dir='ltr'>que</span> 
     </span>
     <span class='ocr_line' id='line_1_7' title="bbox 164 962 1163 1041; baseline 0.002 -20"><span class='ocrx_word' id='word_1_41' title='bbox 164 963 305 1040; x_wconf 83' lang='lat' dir='ltr'>sepulcro</span> <span class='ocrx_word' id='word_1_42' title='bbox 328 962 485 1040; x_wconf 86' lang='lat' dir='ltr'>elephanti</span> <span class='ocrx_word' id='word_1_43' title='bbox 508 964 681 1023; x_wconf 79' lang='lat' dir='ltr'>utebantur.</span> <span class='ocrx_word' id='word_1_44' title='bbox 728 963 825 1023; x_wconf 80' lang='lat' dir='ltr'>Sinon</span> <span class='ocrx_word' id='word_1_45' title='bbox 848 963 947 1041; x_wconf 84' lang='lat' dir='ltr'>igitur,</span> <span class='ocrx_word' id='word_1_46' title='bbox 964 972 1070 1040; x_wconf 87' lang='lat' dir='ltr'>quiex</span> <span class='ocrx_word' id='word_1_47' title='bbox 1084 983 1163 1023; x_wconf 91' lang='lat' dir='ltr'>mor-</span> 
     </span>
     <span class='ocr_line' id='line_1_8' title="bbox 163 1062 1160 1141; baseline -0.002 -18"><span class='ocrx_word' id='word_1_48' title='bbox 163 1074 224 1123; x_wconf 88' lang='lat' dir='ltr'>tuis</span> <span class='ocrx_word' id='word_1_49' title='bbox 239 1063 413 1139; x_wconf 88' lang='lat' dir='ltr'>elephantis</span> <span class='ocrx_word' id='word_1_50' title='bbox 429 1062 505 1123; x_wconf 88' lang='lat' dir='ltr'>satis</span> <span class='ocrx_word' id='word_1_51' title='bbox 520 1063 623 1123; x_wconf 88' lang='lat' dir='ltr'>eboris</span> <span class='ocrx_word' id='word_1_52' title='bbox 637 1072 754 1141; x_wconf 90' lang='lat' dir='ltr'>potitus</span> <span class='ocrx_word' id='word_1_53' title='bbox 770 1074 826 1137; x_wconf 89' lang='lat' dir='ltr'>est,</span> <span class='ocrx_word' id='word_1_54' title='bbox 843 1072 921 1123; x_wconf 89' lang='lat' dir='ltr'>vivis</span> <span class='ocrx_word' id='word_1_55' title='bbox 941 1063 1072 1139; x_wconf 75' lang='lat' dir='ltr'>posthec</span> <span class='ocrx_word' id='word_1_56' title='bbox 1093 1082 1160 1141; x_wconf 92' lang='lat' dir='ltr'>par-</span> 
     </span>
     <span class='ocr_line' id='line_1_9' title="bbox 163 1164 262 1223; baseline 0 -1"><span class='ocrx_word' id='word_1_57' title='bbox 163 1164 262 1223; x_wconf 90' lang='lat' dir='ltr'>cebat.</span> 
     </span>
    </p>
   </div>
   <div class='ocr_carea' id='block_1_3' title="bbox 172 1296 1083 1532">
    <p class='ocr_par' dir='ltr' id='par_1_3' title="bbox 172 1296 1083 1532">
     <span class='ocr_line' id='line_1_10' title="bbox 229 1296 1057 1363; baseline -0.005 -15"><span class='ocrx_word' id='word_1_58' title='bbox 229 1297 301 1348; x_wconf 81' lang='lat' dir='ltr'>haud</span> <span class='ocrx_word' id='word_1_59' title='bbox 313 1298 441 1362; x_wconf 86' lang='lat' dir='ltr'>multum,</span> <span class='ocrx_word' id='word_1_60' title='bbox 454 1297 486 1346; x_wconf 82' lang='lat' dir='ltr'>cf.</span> <span class='ocrx_word' id='word_1_61' title='bbox 498 1297 539 1361; x_wconf 84' lang='lat'>96,</span> <span class='ocrx_word' id='word_1_62' title='bbox 554 1311 575 1345; x_wconf 92' lang='lat'>1.</span> <span class='ocrx_word' id='word_1_63' title='bbox 622 1297 625 1301; x_wconf 77' lang='grc'><strong><em>’</em></strong></span> <span class='ocrx_word' id='word_1_64' title='bbox 792 1297 902 1363; x_wconf 84' lang='lat' dir='ltr'>ictibus,</span> <span class='ocrx_word' id='word_1_65' title='bbox 915 1296 956 1359; x_wconf 87' lang='lat'>84,</span> <span class='ocrx_word' id='word_1_66' title='bbox 969 1296 1003 1346; x_wconf 90' lang='lat' dir='ltr'>ad</span> <span class='ocrx_word' id='word_1_67' title='bbox 1014 1296 1057 1345; x_wconf 86' lang='lat' dir='ltr'>fin.</span> 
     </span>
     <span class='ocr_line' id='line_1_11' title="bbox 229 1379 1047 1446; baseline -0.005 -14"><span class='ocrx_word' id='word_1_68' title='bbox 229 1380 352 1445; x_wconf 70' lang='lat' dir='ltr'>maximi,</span> <span class='ocrx_word' id='word_1_69' title='bbox 365 1380 398 1430; x_wconf 81' lang='lat' dir='ltr'>cf.</span> <span class='ocrx_word' id='word_1_70' title='bbox 411 1383 522 1440; x_wconf 78' lang='lat' dir='ltr'>minimi,</span> <span class='ocrx_word' id='word_1_71' title='bbox 535 1394 575 1444; x_wconf 91' lang='lat'>79,</span> <span class='ocrx_word' id='word_1_72' title='bbox 587 1380 621 1429; x_wconf 88' lang='lat' dir='ltr'>ad</span> <span class='ocrx_word' id='word_1_73' title='bbox 636 1380 678 1429; x_wconf 89' lang='lat' dir='ltr'>tin.</span> <span class='ocrx_word' id='word_1_74' title='bbox 791 1379 957 1445; x_wconf 75' lang='lat' dir='ltr'>sublevevit,</span> <span class='ocrx_word' id='word_1_75' title='bbox 969 1394 1010 1444; x_wconf 89' lang='lat'>97,</span> <span class='ocrx_word' id='word_1_76' title='bbox 1024 1393 1047 1446; x_wconf 81' lang='lat'>5.</span> 
     </span>
     <span class='ocr_line' id='line_1_12' title="bbox 172 1463 1083 1532; baseline -0.003 -17"><span class='ocrx_word' id='word_1_77' title='bbox 172 1511 177 1521; x_wconf 82' lang='lat'>,</span> <span class='ocrx_word' id='word_1_78' title='bbox 228 1464 400 1532; x_wconf 73' lang='lat' dir='ltr'>saepissime,</span> <span class='ocrx_word' id='word_1_79' title='bbox 412 1469 504 1515; x_wconf 81' lang='lat' dir='ltr'>iterum</span> <span class='ocrx_word' id='word_1_80' title='bbox 517 1473 593 1529; x_wconf 84' lang='lat' dir='ltr'>atque</span> <span class='ocrx_word' id='word_1_81' title='bbox 606 1467 708 1514; x_wconf 78' lang='lat' dir='ltr'>iterum.</span> <span class='ocrx_word' id='word_1_82' title='bbox 791 1465 929 1530; x_wconf 74' lang='lat' dir='ltr'>parcebat,</span> <span class='ocrx_word' id='word_1_83' title='bbox 942 1463 982 1523; x_wconf 87' lang='lat'>62,</span> <span class='ocrx_word' id='word_1_84' title='bbox 994 1463 1029 1512; x_wconf 85' lang='lat' dir='ltr'>ad</span> <span class='ocrx_word' id='word_1_85' title='bbox 1040 1463 1083 1513; x_wconf 86' lang='lat' dir='ltr'>fin.</span> 
     </span>
    </p>
   </div>
   <div class='ocr_carea' id='block_1_4' title="bbox 384 1677 936 1751">
    <p class='ocr_par' dir='ltr' id='par_1_4' title="bbox 384 1677 936 1751">
     <span class='ocr_line' id='line_1_13' title="bbox 384 1677 936 1751; baseline 0 -18"><span class='ocrx_word' id='word_1_86' title='bbox 384 1693 448 1734; x_wconf 91' lang='lat'><strong>100.</strong></span> <span class='ocrx_word' id='word_1_87' title='bbox 476 1679 550 1734; x_wconf 27' lang='lat' dir='ltr'>&lt;The</span> <span class='ocrx_word' id='word_1_88' title='bbox 568 1677 779 1736; x_wconf 79' lang='lat' dir='ltr'>subterranean</span> <span class='ocrx_word' id='word_1_89' title='bbox 799 1680 936 1751; x_wconf 80' lang='lat' dir='ltr'>Passage.</span> 
     </span>
    </p>
   </div>
   <div class='ocr_carea' id='block_1_5' title="bbox 84 1813 1157 3292">
    <p class='ocr_par' dir='ltr' id='par_1_5' title="bbox 84 1813 1157 3292">
     <span class='ocr_line' id='line_1_14' title="bbox 205 1813 1157 1892; baseline -0.002 -18"><span class='ocrx_word' id='word_1_90' title='bbox 205 1813 300 1874; x_wconf 79' lang='lat' dir='ltr'>Sinen</span> <span class='ocrx_word' id='word_1_91' title='bbox 325 1815 411 1874; x_wconf 90' lang='lat' dir='ltr'>dives</span> <span class='ocrx_word' id='word_1_92' title='bbox 435 1814 478 1873; x_wconf 91' lang='lat' dir='ltr'>ita</span> <span class='ocrx_word' id='word_1_93' title='bbox 499 1815 610 1886; x_wconf 77' lang='lat' dir='ltr'>factuS,</span> <span class='ocrx_word' id='word_1_94' title='bbox 637 1816 719 1892; x_wconf 92' lang='lat' dir='ltr'>quod</span> <span class='ocrx_word' id='word_1_95' title='bbox 747 1815 872 1875; x_wconf 89' lang='lat' dir='ltr'>domurn</span> <span class='ocrx_word' id='word_1_96' title='bbox 897 1815 937 1874; x_wconf 88' lang='lat' dir='ltr'>ad</span> <span class='ocrx_word' id='word_1_97' title='bbox 960 1821 1034 1874; x_wconf 81' lang='lat' dir='ltr'>suos</span> <span class='ocrx_word' id='word_1_98' title='bbox 1057 1813 1157 1874; x_wconf 88' lang='lat' dir='ltr'>redire</span> 
     </span>
     <span class='ocr_line' id='line_1_15' title="bbox 160 1914 1157 1993; baseline 0 -20"><span class='ocrx_word' id='word_1_99' title='bbox 160 1914 265 1986; x_wconf 85' lang='lat' dir='ltr'>voluit,</span> <span class='ocrx_word' id='word_1_100' title='bbox 289 1924 399 1974; x_wconf 86' lang='lat' dir='ltr'>nactus</span> <span class='ocrx_word' id='word_1_101' title='bbox 421 1914 566 1974; x_wconf 78' lang='lat' dir='ltr'>ideneum</span> <span class='ocrx_word' id='word_1_102' title='bbox 589 1925 711 1992; x_wconf 90' lang='lat' dir='ltr'>tempus</span> <span class='ocrx_word' id='word_1_103' title='bbox 733 1915 773 1974; x_wconf 92' lang='lat' dir='ltr'>ad</span> <span class='ocrx_word' id='word_1_104' title='bbox 795 1914 1010 1993; x_wconf 78' lang='lat' dir='ltr'>nevigandum,</span> <span class='ocrx_word' id='word_1_105' title='bbox 1028 1921 1045 1973; x_wconf 93' lang='lat' dir='ltr'>e</span> <span class='ocrx_word' id='word_1_106' title='bbox 1066 1924 1157 1992; x_wconf 82' lang='lat' dir='ltr'>portir</span> 
     </span>
     <span class='ocr_line' id='line_1_16' title="bbox 161 2014 1157 2092; baseline -0.001 -19"><span class='ocrx_word' id='word_1_107' title='bbox 161 2014 259 2075; x_wconf 90' lang='lat' dir='ltr'>solvit.</span> <span class='ocrx_word' id='word_1_108' title='bbox 305 2017 347 2073; x_wconf 90' lang='lat' dir='ltr'>At</span> <span class='ocrx_word' id='word_1_109' title='bbox 369 2022 486 2092; x_wconf 76' lang='lat' dir='ltr'>paucos</span> <span class='ocrx_word' id='word_1_110' title='bbox 507 2024 579 2092; x_wconf 91' lang='lat' dir='ltr'>post</span> <span class='ocrx_word' id='word_1_111' title='bbox 600 2015 666 2074; x_wconf 92' lang='lat' dir='ltr'>dies</span> <span class='ocrx_word' id='word_1_112' title='bbox 689 2017 795 2075; x_wconf 75' lang='lat' dir='ltr'>coorta</span> <span class='ocrx_word' id='word_1_113' title='bbox 816 2024 864 2074; x_wconf 90' lang='lat' dir='ltr'>est</span> <span class='ocrx_word' id='word_1_114' title='bbox 884 2014 1064 2075; x_wconf 89' lang='lat' dir='ltr'>saevissima</span> <span class='ocrx_word' id='word_1_115' title='bbox 1083 2024 1157 2073; x_wconf 89' lang='lat' dir='ltr'>tem-</span> 
     </span>
     <span class='ocr_line' id='line_1_17' title="bbox 160 2114 1157 2193; baseline -0.001 -20"><span class='ocrx_word' id='word_1_116' title='bbox 160 2123 274 2191; x_wconf 76' lang='lat' dir='ltr'>pesteS,</span> <span class='ocrx_word' id='word_1_117' title='bbox 299 2115 385 2174; x_wconf 79' lang='lat' dir='ltr'>cuius</span> <span class='ocrx_word' id='word_1_118' title='bbox 407 2114 553 2174; x_wconf 77' lang='lat' dir='ltr'>violentie</span> <span class='ocrx_word' id='word_1_119' title='bbox 579 2114 666 2174; x_wconf 76' lang='lat' dir='ltr'>navis</span> <span class='ocrx_word' id='word_1_120' title='bbox 693 2115 732 2173; x_wconf 94' lang='lat' dir='ltr'>ad</span> <span class='ocrx_word' id='word_1_121' title='bbox 758 2115 903 2193; x_wconf 78' lang='lat' dir='ltr'>scopules</span> <span class='ocrx_word' id='word_1_122' title='bbox 928 2116 1058 2193; x_wconf 87' lang='lat' dir='ltr'>appulsa</span> <span class='ocrx_word' id='word_1_123' title='bbox 1083 2133 1157 2172; x_wconf 93' lang='lat' dir='ltr'>nau-</span> 
     </span>
     <span class='ocr_line' id='line_1_18' title="bbox 159 2214 1155 2293; baseline 0.002 -22"><span class='ocrx_word' id='word_1_124' title='bbox 159 2214 290 2292; x_wconf 78' lang='lat' dir='ltr'>fragium</span> <span class='ocrx_word' id='word_1_125' title='bbox 318 2214 402 2274; x_wconf 84' lang='lat' dir='ltr'>fecit.</span> <span class='ocrx_word' id='word_1_126' title='bbox 448 2216 520 2274; x_wconf 79' lang='lat' dir='ltr'>Hoc</span> <span class='ocrx_word' id='word_1_127' title='bbox 550 2214 580 2272; x_wconf 95' lang='lat' dir='ltr'>in</span> <span class='ocrx_word' id='word_1_128' title='bbox 611 2215 683 2275; x_wconf 81' lang='lat' dir='ltr'>loce</span> <span class='ocrx_word' id='word_1_129' title='bbox 710 2224 816 2275; x_wconf 85' lang='lat' dir='ltr'>aestus</span> <span class='ocrx_word' id='word_1_130' title='bbox 850 2234 905 2293; x_wconf 92' lang='lat' dir='ltr'>per</span> <span class='ocrx_word' id='word_1_131' title='bbox 933 2216 1013 2274; x_wconf 91' lang='lat' dir='ltr'>latus</span> <span class='ocrx_word' id='word_1_132' title='bbox 1041 2214 1155 2273; x_wconf 88' lang='lat' dir='ltr'>montis</span> 
     </span>
     <span class='ocr_line' id='line_1_19' title="bbox 159 2314 1154 2393; baseline 0.003 -21"><span class='ocrx_word' id='word_1_133' title='bbox 159 2323 357 2392; x_wconf 89' lang='lat' dir='ltr'>praeruptum</span> <span class='ocrx_word' id='word_1_134' title='bbox 373 2315 460 2374; x_wconf 78' lang='lat' dir='ltr'>alvee</span> <span class='ocrx_word' id='word_1_135' title='bbox 476 2315 559 2374; x_wconf 86' lang='lat' dir='ltr'>haud</span> <span class='ocrx_word' id='word_1_136' title='bbox 574 2315 618 2374; x_wconf 93' lang='lat' dir='ltr'>ita</span> <span class='ocrx_word' id='word_1_137' title='bbox 633 2323 746 2393; x_wconf 80' lang='lat' dir='ltr'>magne</span> <span class='ocrx_word' id='word_1_138' title='bbox 760 2315 895 2374; x_wconf 77' lang='lat' dir='ltr'>fluminis</span> <span class='ocrx_word' id='word_1_139' title='bbox 910 2315 1002 2375; x_wconf 81' lang='lat' dir='ltr'>modo</span> <span class='ocrx_word' id='word_1_140' title='bbox 1014 2314 1154 2375; x_wconf 85' lang='lat' dir='ltr'>volvitur.</span> 
     </span>
     <span class='ocr_line' id='line_1_20' title="bbox 161 2414 1156 2494; baseline 0 -20"><span class='ocrx_word' id='word_1_141' title='bbox 161 2414 257 2474; x_wconf 77' lang='lat' dir='ltr'>Sinen</span> <span class='ocrx_word' id='word_1_142' title='bbox 275 2415 464 2491; x_wconf 76' lang='lat' dir='ltr'>comitesque</span> <span class='ocrx_word' id='word_1_143' title='bbox 485 2415 656 2491; x_wconf 79' lang='lat' dir='ltr'>complures</span> <span class='ocrx_word' id='word_1_144' title='bbox 674 2415 743 2475; x_wconf 86' lang='lat' dir='ltr'>dies</span> <span class='ocrx_word' id='word_1_145' title='bbox 760 2415 792 2473; x_wconf 90' lang='lat' dir='ltr'>in</span> <span class='ocrx_word' id='word_1_146' title='bbox 809 2424 941 2494; x_wconf 74' lang='lat' dir='ltr'>angusta</span> <span class='ocrx_word' id='word_1_147' title='bbox 960 2426 1034 2492; x_wconf 82' lang='lat' dir='ltr'>rirpe</span> <span class='ocrx_word' id='word_1_148' title='bbox 1054 2422 1156 2474; x_wconf 80' lang='lat' dir='ltr'>mane</span> 
     </span>
     <span class='ocr_line' id='line_1_21' title="bbox 84 2515 1155 2593; baseline -0.004 -15"><span class='ocrx_word' id='word_1_149' title='bbox 84 2568 91 2578; x_wconf 82' lang='grc'><strong><em>,</em></strong></span> <span class='ocrx_word' id='word_1_150' title='bbox 158 2516 243 2588; x_wconf 86' lang='lat' dir='ltr'>bant,</span> <span class='ocrx_word' id='word_1_151' title='bbox 264 2515 347 2591; x_wconf 94' lang='lat' dir='ltr'>quod</span> <span class='ocrx_word' id='word_1_152' title='bbox 370 2515 443 2573; x_wconf 90' lang='lat' dir='ltr'>hinc</span> <span class='ocrx_word' id='word_1_153' title='bbox 463 2524 509 2573; x_wconf 89' lang='lat' dir='ltr'>vis</span> <span class='ocrx_word' id='word_1_154' title='bbox 529 2515 678 2573; x_wconf 77' lang='lat' dir='ltr'>fluctuum</span> <span class='ocrx_word' id='word_1_155' title='bbox 702 2523 756 2575; x_wconf 82' lang='lat' dir='ltr'>eos</span> <span class='ocrx_word' id='word_1_156' title='bbox 778 2516 863 2575; x_wconf 89' lang='lat' dir='ltr'>abire</span> <span class='ocrx_word' id='word_1_157' title='bbox 884 2515 1050 2593; x_wconf 88' lang='lat' dir='ltr'>prohibuit,</span> <span class='ocrx_word' id='word_1_158' title='bbox 1070 2515 1155 2574; x_wconf 87' lang='lat' dir='ltr'>illinc</span> 
     </span>
     <span class='ocr_line' id='line_1_22' title="bbox 159 2615 1155 2692; baseline 0.001 -19"><span class='ocrx_word' id='word_1_159' title='bbox 159 2623 248 2674; x_wconf 83' lang='lat' dir='ltr'>mons</span> <span class='ocrx_word' id='word_1_160' title='bbox 273 2615 439 2674; x_wconf 90' lang='lat' dir='ltr'>altissimus</span> <span class='ocrx_word' id='word_1_161' title='bbox 469 2615 552 2674; x_wconf 77' lang='lat' dir='ltr'>nulle</span> <span class='ocrx_word' id='word_1_162' title='bbox 582 2616 676 2676; x_wconf 82' lang='lat' dir='ltr'>modo</span> <span class='ocrx_word' id='word_1_163' title='bbox 705 2616 832 2675; x_wconf 90' lang='lat' dir='ltr'>ascendi</span> <span class='ocrx_word' id='word_1_164' title='bbox 860 2615 968 2692; x_wconf 89' lang='lat' dir='ltr'>potuit.</span> <span class='ocrx_word' id='word_1_165' title='bbox 1013 2615 1155 2674; x_wconf 90' lang='lat' dir='ltr'>Tandem</span> 
     </span>
     <span class='ocr_line' id='line_1_23' title="bbox 161 2715 1153 2792; baseline -0.001 -18"><span class='ocrx_word' id='word_1_166' title='bbox 161 2715 257 2774; x_wconf 81' lang='lat' dir='ltr'>Sinon</span> <span class='ocrx_word' id='word_1_167' title='bbox 277 2726 441 2792; x_wconf 92' lang='lat' dir='ltr'>postquam</span> <span class='ocrx_word' id='word_1_168' title='bbox 461 2734 587 2791; x_wconf 89' lang='lat' dir='ltr'>parvam</span> <span class='ocrx_word' id='word_1_169' title='bbox 609 2724 706 2774; x_wconf 89' lang='lat' dir='ltr'>ratem</span> <span class='ocrx_word' id='word_1_170' title='bbox 726 2722 743 2773; x_wconf 92' lang='lat' dir='ltr'>e</span> <span class='ocrx_word' id='word_1_171' title='bbox 762 2716 901 2774; x_wconf 88' lang='lat' dir='ltr'>trabibus</span> <span class='ocrx_word' id='word_1_172' title='bbox 921 2715 1009 2775; x_wconf 76' lang='lat' dir='ltr'>navis</span> <span class='ocrx_word' id='word_1_173' title='bbox 1028 2715 1153 2788; x_wconf 76' lang='lat' dir='ltr'>fecerat,</span> 
     </span>
     <span class='ocr_line' id='line_1_24' title="bbox 159 2814 1155 2892; baseline -0.001 -18"><span class='ocrx_word' id='word_1_174' title='bbox 159 2816 226 2874; x_wconf 92' lang='lat' dir='ltr'>sine</span> <span class='ocrx_word' id='word_1_175' title='bbox 250 2816 312 2874; x_wconf 79' lang='lat' dir='ltr'>ulle</span> <span class='ocrx_word' id='word_1_176' title='bbox 335 2815 446 2875; x_wconf 90' lang='lat' dir='ltr'>comite</span> <span class='ocrx_word' id='word_1_177' title='bbox 470 2822 503 2873; x_wconf 87' lang='lat' dir='ltr'>se</span> <span class='ocrx_word' id='word_1_178' title='bbox 528 2815 716 2875; x_wconf 90' lang='lat' dir='ltr'>committere</span> <span class='ocrx_word' id='word_1_179' title='bbox 741 2834 834 2874; x_wconf 90' lang='lat' dir='ltr'>ausus</span> <span class='ocrx_word' id='word_1_180' title='bbox 854 2825 902 2874; x_wconf 88' lang='lat' dir='ltr'>est</span> <span class='ocrx_word' id='word_1_181' title='bbox 922 2814 1047 2886; x_wconf 78' lang='lat' dir='ltr'>flumini,</span> <span class='ocrx_word' id='word_1_182' title='bbox 1070 2814 1155 2892; x_wconf 90' lang='lat' dir='ltr'>quod</span> 
     </span>
     <span class='ocr_line' id='line_1_25' title="bbox 159 2915 1154 2992; baseline 0.002 -20"><span class='ocrx_word' id='word_1_183' title='bbox 159 2916 216 2975; x_wconf 90' lang='lat' dir='ltr'>sub</span> <span class='ocrx_word' id='word_1_184' title='bbox 235 2924 329 2973; x_wconf 88' lang='lat' dir='ltr'>imum</span> <span class='ocrx_word' id='word_1_185' title='bbox 344 2924 479 2975; x_wconf 90' lang='lat' dir='ltr'>montem</span> <span class='ocrx_word' id='word_1_186' title='bbox 497 2915 634 2975; x_wconf 81' lang='lat' dir='ltr'>volitum</span> <span class='ocrx_word' id='word_1_187' title='bbox 654 2926 710 2974; x_wconf 89' lang='lat' dir='ltr'>est.</span> <span class='ocrx_word' id='word_1_188' title='bbox 756 2915 834 2975; x_wconf 89' lang='lat' dir='ltr'>Inde</span> <span class='ocrx_word' id='word_1_189' title='bbox 856 2934 912 2992; x_wconf 90' lang='lat' dir='ltr'>per</span> <span class='ocrx_word' id='word_1_190' title='bbox 928 2916 995 2974; x_wconf 76' lang='lat' dir='ltr'>vias</span> <span class='ocrx_word' id='word_1_191' title='bbox 1017 2916 1154 2975; x_wconf 76' lang='lat' dir='ltr'>occultas</span> 
     </span>
     <span class='ocr_line' id='line_1_26' title="bbox 159 3015 1154 3093; baseline -0.001 -19"><span class='ocrx_word' id='word_1_192' title='bbox 159 3023 278 3074; x_wconf 74' lang='lat' dir='ltr'>summai</span> <span class='ocrx_word' id='word_1_193' title='bbox 293 3015 448 3074; x_wconf 76' lang='lat' dir='ltr'>celeritate</span> <span class='ocrx_word' id='word_1_194' title='bbox 464 3022 579 3088; x_wconf 88' lang='lat' dir='ltr'>vectus,</span> <span class='ocrx_word' id='word_1_195' title='bbox 597 3015 681 3093; x_wconf 93' lang='lat' dir='ltr'>quod</span> <span class='ocrx_word' id='word_1_196' title='bbox 697 3034 754 3075; x_wconf 94' lang='lat' dir='ltr'>nec</span> <span class='ocrx_word' id='word_1_197' title='bbox 770 3015 827 3075; x_wconf 91' lang='lat' dir='ltr'>iter</span> <span class='ocrx_word' id='word_1_198' title='bbox 838 3015 943 3075; x_wconf 85' lang='lat' dir='ltr'>videre</span> <span class='ocrx_word' id='word_1_199' title='bbox 959 3034 1016 3074; x_wconf 92' lang='lat' dir='ltr'>nec</span> <span class='ocrx_word' id='word_1_200' title='bbox 1030 3034 1154 3074; x_wconf 92' lang='lat' dir='ltr'>cursum</span> 
     </span>
     <span class='ocr_line' id='line_1_27' title="bbox 159 3113 1154 3192; baseline 0 -18"><span class='ocrx_word' id='word_1_201' title='bbox 159 3114 288 3192; x_wconf 87' lang='lat' dir='ltr'>dirigere</span> <span class='ocrx_word' id='word_1_202' title='bbox 304 3123 431 3192; x_wconf 88' lang='lat' dir='ltr'>poterat,</span> <span class='ocrx_word' id='word_1_203' title='bbox 448 3113 553 3174; x_wconf 81' lang='lat' dir='ltr'>labore</span> <span class='ocrx_word' id='word_1_204' title='bbox 569 3124 600 3174; x_wconf 89' lang='lat' dir='ltr'>et</span> <span class='ocrx_word' id='word_1_205' title='bbox 620 3115 758 3175; x_wconf 84' lang='lat' dir='ltr'>excubiis</span> <span class='ocrx_word' id='word_1_206' title='bbox 779 3115 920 3174; x_wconf 84' lang='lat' dir='ltr'>defessus</span> <span class='ocrx_word' id='word_1_207' title='bbox 939 3124 1024 3192; x_wconf 87' lang='lat' dir='ltr'>gravi</span> <span class='ocrx_word' id='word_1_208' title='bbox 1045 3121 1154 3174; x_wconf 78' lang='lat' dir='ltr'>somne</span> 
     </span>
     <span class='ocr_line' id='line_1_28' title="bbox 158 3224 395 3292; baseline 0 -18"><span class='ocrx_word' id='word_1_209' title='bbox 158 3234 324 3292; x_wconf 91' lang='lat' dir='ltr'>oppressus</span> <span class='ocrx_word' id='word_1_210' title='bbox 340 3224 395 3274; x_wconf 88' lang='lat' dir='ltr'>est.</span> 
     </span>
    </p>
   </div>
   <div class='ocr_carea' id='block_1_6' title="bbox 224 3307 1096 3580">
    <p class='ocr_par' dir='ltr' id='par_1_6' title="bbox 224 3307 1096 3580">
     <span class='ocr_line' id='line_1_29' title="bbox 224 3307 1079 3413; baseline -0.005 -16"><span class='ocrx_word' id='word_1_211' title='bbox 224 3349 330 3411; x_wconf 80' lang='lat' dir='ltr'>nactus,</span> <span class='ocrx_word' id='word_1_212' title='bbox 343 3346 410 3395; x_wconf 70' lang='lat' dir='ltr'>from</span> <span class='ocrx_word' id='word_1_213' title='bbox 423 3353 562 3395; x_wconf 74' lang='lat' dir='ltr'>nanciscor.</span> <span class='ocrx_word' id='word_1_214' title='bbox 791 3349 924 3413; x_wconf 79' lang='lat' dir='ltr'>trabibus,</span> <span class='ocrx_word' id='word_1_215' title='bbox 937 3362 977 3412; x_wconf 88' lang='lat'>93,</span> <span class='ocrx_word' id='word_1_216' title='bbox 989 3347 1024 3396; x_wconf 86' lang='lat' dir='ltr'>ad</span> <span class='ocrx_word' id='word_1_217' title='bbox 1035 3307 1079 3397; x_wconf 84' lang='lat' dir='ltr'>fin.</span> 
     </span>
     <span class='ocr_line' id='line_1_30' title="bbox 224 3430 1027 3496; baseline -0.002 -16"><span class='ocrx_word' id='word_1_218' title='bbox 224 3431 351 3493; x_wconf 80' lang='lat' dir='ltr'>appulsa,</span> <span class='ocrx_word' id='word_1_219' title='bbox 364 3430 396 3477; x_wconf 85' lang='lat' dir='ltr'>cf.</span> <span class='ocrx_word' id='word_1_220' title='bbox 409 3442 441 3494; x_wconf 87' lang='lat'>95</span> <span class='ocrx_word' id='word_1_221' title='bbox 465 3444 487 3493; x_wconf 84' lang='lat'>3.</span> <span class='ocrx_word' id='word_1_222' title='bbox 791 3445 875 3483; x_wconf 83' lang='lat' dir='ltr'>ausus</span> <span class='ocrx_word' id='word_1_223' title='bbox 886 3433 939 3496; x_wconf 81' lang='lat' dir='ltr'>est,</span> <span class='ocrx_word' id='word_1_224' title='bbox 951 3430 991 3495; x_wconf 87' lang='lat'>89,</span> <span class='ocrx_word' id='word_1_225' title='bbox 1004 3445 1027 3495; x_wconf 81' lang='lat'>3.</span> 
     </span>
     <span class='ocr_line' id='line_1_31' title="bbox 224 3509 1096 3580; baseline 0.001 -19"><span class='ocrx_word' id='word_1_226' title='bbox 224 3509 407 3573; x_wconf 81' lang='lat' dir='ltr'>naufragium,</span> <span class='ocrx_word' id='word_1_227' title='bbox 426 3525 461 3573; x_wconf 78' lang='lat'>50,</span> <span class='ocrx_word' id='word_1_228' title='bbox 476 3527 497 3575; x_wconf 85' lang='lat'>3.</span> <span class='ocrx_word' id='word_1_229' title='bbox 791 3515 924 3580; x_wconf 77' lang='lat' dir='ltr'>volutum,</span> <span class='ocrx_word' id='word_1_230' title='bbox 937 3514 1006 3563; x_wconf 85' lang='lat' dir='ltr'>from</span> <span class='ocrx_word' id='word_1_231' title='bbox 1017 3515 1096 3563; x_wconf 63' lang='lat' dir='ltr'>volvo</span> 
     </span>
    </p>
   </div>
   <div class='ocr_carea' id='block_1_7' title="bbox 0 0 1350 3959">
    <p class='ocr_par' dir='ltr' id='par_1_7' title="bbox 0 0 1350 3959">
     <span class='ocr_line' id='line_1_32' title="bbox 0 0 1350 3959; baseline 0 2"><span class='ocrx_word' id='word_1_232' title='bbox 0 0 1350 3959; x_wconf 95' lang='lat' dir='ltr'> </span> 
     </span>
    </p>
   </div>
  </div>
 </body>
</html>
