2692 3959
561 292 607 339 UL
615 293 728 341 VSSES.
1096 291 1141 341 121

146 455 302 532 suscipere
321 456 421 517 vellet.
467 458 556 533 Quae
571 477 640 517 cum
664 459 708 518 ita
722 469 835 533 essent,
851 466 901 519 res
916 461 956 519 ad
971 468 1143 520 controver-

146 556 224 614 siam
249 556 384 616 deducta
413 567 468 618 est.
513 559 654 618 Tandem
686 559 793 619 Ulixes
823 567 979 620 censensu
1007 559 1143 619 omnium

146 656 248 715 socies
271 656 303 714 in
328 658 406 717 dues
429 665 532 734 partes
557 658 669 732 divisit,
687 668 818 736 querum
833 659 920 719 alteri
941 660 1141 739 Eurylochus,

145 755 192 815 vir
216 775 354 816 summae
378 758 508 831 virtutis
533 759 619 818 alteri
643 759 710 835 ipse
734 770 910 836 praeesset:
942 769 1007 818 turn
1028 760 1060 817 hi
1080 761 1142 820 duo

145 855 224 916 inter
249 864 283 915 se
308 866 407 917 sortiti
431 867 511 930 sunt,
535 868 603 917 uter
628 858 660 916 in
682 868 794 918 terram
819 861 1023 938 egrederetur.
1071 860 1142 919 Hec

144 957 237 1028 facte,
260 957 433 1035 Euryloeho
457 967 539 1018 sorte
561 958 672 1032 evenit,
695 969 728 1019 ut
748 978 818 1019 cum
840 960 963 1020 duobus
983 970 1015 1019 et
1034 958 1143 1037 viginti

144 1055 237 1115 sociis
251 1075 315 1116 rem
330 1057 509 1135 susciperet.

332 1269 396 1328 152.
437 1257 498 1313 'ibe
516 1256 613 1314 House
630 1257 662 1313 of
680 1259 731 1314 the
749 1257 957 1315 Enchantress.

187 1400 248 1459 His
271 1400 363 1460 rebus
389 1400 431 1459 ita
455 1400 639 1474 constitutis,
663 1400 686 1459 ii
711 1411 763 1477 qui
790 1411 871 1462 sorte
893 1402 977 1462 ducti
1000 1411 1087 1462 erant
1108 1401 1140 1462 in

143 1498 319 1559 interiorem
343 1509 462 1576 partem
483 1500 601 1560 insulae
625 1502 758 1577 profecti
777 1512 857 1561 sunt.
902 1503 1022 1561 Tantus
1036 1511 1140 1561 tamen

143 1597 234 1657 timor
250 1599 368 1659 animos
384 1607 489 1659 eerum
504 1608 716 1677 occupaverat,
734 1610 767 1660 ut
782 1600 858 1659 nihil
873 1600 1051 1661 dubiterent
1066 1610 1139 1677 quin

143 1707 235 1758 morti
256 1699 379 1758 obviam
402 1709 499 1759 irent:
522 1700 573 1759 vix
595 1700 721 1776 quidem
743 1710 886 1777 poterant
907 1700 929 1758 ii
943 1710 997 1777 qui
1015 1700 1047 1758 in
1069 1709 1140 1760 nevi

143 1798 242 1859 relicti
265 1809 353 1858 erant
378 1800 520 1859 lacrimis
543 1807 665 1860 tenere:
689 1801 858 1860 credebant
876 1801 958 1859 enim
982 1808 1015 1860 se
1039 1800 1140 1861 socies

144 1907 217 1959 sues
241 1919 399 1976 nunquam
425 1899 534 1960 iterum
557 1907 686 1959 visores.
743 1900 793 1959 Illi
818 1911 927 1959 autem,
949 1900 1140 1978 aliquantum

143 1998 259 2059 itineris
275 2008 431 2078 progressi
446 2001 486 2059 ad
500 2000 602 2058 villam
619 2001 775 2077 quandam
790 2007 1004 2077 pervenerunt,
1021 2009 1140 2060 summai

143 2099 372 2176 magnificentie
385 2100 577 2161 aedificatam
592 2124 597 2158 :
621 2100 709 2159 cuius
724 2099 764 2159 ad
773 2100 885 2160 estium
898 2119 968 2159 curn
980 2100 1138 2174 adiissent,

143 2218 266 2259 carmen
282 2199 493 2260 dulcissimum
509 2200 701 2260 audiverunt.
746 2201 849 2260 Tanta
870 2210 982 2259 autemv
994 2200 1052 2260 fuit
1073 2200 1139 2259 eius

143 2299 228 2359 vecis
243 2300 385 2372 dulcedo,
396 2309 430 2358 ut
441 2300 524 2360 nulle
540 2301 632 2360 modo
647 2301 772 2360 retineri
787 2310 915 2378 possent
927 2310 999 2376 quin
1017 2301 1140 2359 ienuam

143 2399 310 2475 pulsarent.
332 2412 334 2415 ·
356 2402 428 2459 Hoc
452 2402 546 2474 tacto,
563 2400 632 2477 ipsa
653 2400 743 2460 Circe
763 2400 847 2460 fores
869 2399 943 2459 exiit
966 2409 997 2459 et
1021 2409 1139 2460 summe

143 2518 212 2558 cum
223 2499 414 2577 benignitete
426 2507 533 2559 omnes
545 2500 577 2558 in
589 2500 756 2576 hospitium
769 2499 917 2560 invitavit.
950 2500 1139 2578 Eurylochus

143 2599 271 2659 insidiis
287 2609 457 2677 comparari
478 2599 653 2677 suspicatus
674 2600 750 2659 ioris
765 2609 945 2676 exspectare
961 2599 1139 2659 constituit:

143 2709 174 2759 at
200 2699 309 2776 reliqui
334 2709 378 2759 rei
404 2700 540 2760 novitete
563 2700 691 2759 adducti
712 2699 910 2759 intraverunt.
956 2699 1139 2759 Convivium

59 2846 63 2853 .
143 2799 339 2877 magnificum
351 2799 534 2859 invenerunt
543 2799 687 2859 omnibus
697 2799 789 2858 rebus
800 2808 981 2859 instructum
992 2822 998 2871 3
1015 2808 1046 2863 et
1055 2797 1140 2858 iiissit

142 2899 286 2959 dominae
302 2899 504 2959 libentissime
519 2900 738 2959 accubuerunt.
783 2902 826 2958 At
838 2899 927 2959 Circe
938 2908 1044 2959 vinum
1055 2900 1139 2975 quod

142 3008 224 3057 servi
236 3007 446 3077 apposuerunt
461 2999 687 3058 medicamente
700 2999 834 3075 quodam
847 2999 1028 3058 miscuerat:
1056 2998 1139 3074 quod

142 3117 213 3156 cum
228 3098 272 3158 illi
286 3099 448 3172 bibissent,
464 3107 550 3176 gravi
565 3105 676 3175 sopore
692 3098 795 3159 subito
810 3108 951 3175 oppressi
965 3107 1045 3158 sunt.

405 3330 469 3388 153.
510 3316 578 3373 Men
597 3317 730 3387 changed
748 3323 779 3374 to
798 3317 881 3388 Pige.

184 3462 263 3519 Tum
293 3461 391 3533 Circe,
419 3480 498 3536 quae
528 3461 602 3520 artis
631 3462 769 3539 magicae
799 3480 948 3521 summam
978 3461 1139 3522 scientiam

144 3561 286 3633 habebat,
300 3561 411 3619 bacule
434 3568 527 3620 auree
543 3562 626 3637 quod
640 3562 768 3639 gerebat
783 3562 885 3639 capita
900 3570 1006 3622 eerum
1020 3561 1138 3638 tetigit:
