2692 3959
570 337 812 387 ANECDOTES.

449 552 513 609 108.
553 553 615 610 The
633 553 844 610 Good-notured
862 552 936 626 Boy.

235 680 381 753 Glaucus,
397 700 474 756 puer
488 680 613 758 ingenio
635 681 815 758 benignae
837 689 923 757 patre
946 689 1059 739 missus
1082 689 1129 738 est
1151 680 1191 739 ad

192 798 320 855 parvum
342 780 499 855 oppidum,
523 780 608 856 quod
634 781 672 839 ab
696 788 733 839 eo
754 781 824 840 loco
846 787 918 839 octo
940 779 1023 838 milia
1044 799 1191 856 passuum

193 880 308 939 aberat.
354 881 513 952 Cnidum
536 879 594 939 iter
619 880 704 952 facit,
724 879 856 939 occurrit
877 879 964 939 canis
986 879 1069 938 fame
1091 898 1191 956 paene

193 980 354 1038 coniectus
376 979 576 1057 dextramque
602 980 742 1039 lambens
769 979 872 1040 cibum
897 990 1003 1057 petere
1026 988 1111 1038 visus
1133 989 1190 1039 est.

194 1080 272 1138 Inde
299 1080 436 1139 Glaucus
461 1079 671 1139 misericordia
698 1087 808 1151 motus,
840 1088 901 1139 etsi
928 1078 995 1156 ipse
1026 1078 1190 1153 esuriebat,

192 1187 336 1256 magnam
352 1189 399 1238 sui
414 1179 475 1240 cibi
497 1190 615 1257 partem
638 1189 708 1240 cani
729 1178 825 1239 dedit.
870 1181 951 1240 Cum
973 1187 1076 1238 autem
1098 1179 1192 1256 paulo

193 1279 314 1356 longius
337 1279 451 1353 ivisset,
475 1280 633 1339 hominem
656 1279 776 1355 aspexit
797 1298 932 1351 caecum,
950 1288 1004 1356 qui
1025 1278 1056 1337 in
1076 1278 1191 1338 flumen

192 1380 355 1457 prolapsus
375 1388 408 1440 se
430 1387 552 1440 movere
576 1388 638 1438 non
655 1380 798 1452 audebat,
815 1387 854 1438 ne
876 1379 906 1437 in
924 1398 1036 1457 aquam
1051 1378 1192 1438 altiorem

193 1480 351 1539 incideret.
396 1481 533 1539 Glaucus
554 1480 654 1557 igitur,
677 1488 735 1539 etsi
759 1478 825 1555 ipse
847 1488 953 1539 natare
975 1487 1037 1538 non
1059 1489 1191 1556 poterat,

193 1580 225 1637 in
241 1599 352 1656 aquam
368 1581 471 1639 statim
487 1580 612 1640 desiluit
623 1590 654 1639 ct
665 1599 736 1638 cum
748 1579 885 1639 dextram
897 1588 983 1639 caeci
995 1579 1191 1655 adripuissct,

193 1699 262 1739 eum
285 1679 325 1738 ad
347 1689 443 1756 ripam
467 1680 562 1739 duxit.
607 1680 687 1739 Inde
710 1699 778 1739 curn
799 1699 912 1757 aquam
932 1687 1051 1739 eveste
1069 1697 1193 1756 expres·

193 1780 294 1850 sisset,
311 1781 350 1839 ad
365 1780 513 1857 oppidum
529 1800 620 1856 quam
636 1780 793 1840 celerrime
808 1779 976 1840 contendit.

259 1914 359 1978 motus,
376 1927 429 1979 105,
442 1913 476 1962 ad
488 1913 531 1961 fin.
735 1913 824 1978 duxit,
837 1914 927 1961 traxit.

259 1997 404 2062 demebat,
418 2010 457 2060 49,
470 1997 504 2045 ad
516 1997 559 2045 fin.
733 1996 922 2061 expressisset,
934 1995 1003 2045 from
1016 1997 1139 2059 exprimo.

482 2225 546 2281 1⁰9·
586 2210 705 2285 Timely
723 2212 904 2268 Assistance.

237 2338 315 2398 Inde
339 2338 483 2410 Glaucus,
502 2358 571 2397 cum
596 2338 655 2397 iarn
681 2339 720 2398 ad
744 2313 892 2416 oppidum
917 2347 1190 2416 appropinquaret,

193 2439 225 2495 in
248 2448 371 2496 nautam
395 2438 549 2515 quendam
572 2438 668 2499 altero
691 2439 770 2517 pede
793 2439 937 2498 claudum
963 2437 1080 2497 incidit.
1127 2440 1191 2498 Hic

194 2537 310 2615 aliquid
336 2538 397 2597 cibi
422 2539 461 2597 ab
487 2545 524 2598 eo
549 2538 646 2615 petiit.
693 2541 751 2599 Cui
777 2558 853 2616 puer
876 2539 908 2597 id
932 2539 1015 2616 quod
1040 2538 1190 2614 reliquum

193 2649 258 2697 erat
284 2638 374 2715 peinis
400 2638 494 2697 dedit.
541 2640 601 2697 His
626 2638 778 2697 faciendis
804 2648 923 2697 tantum
946 2638 1007 2697 diei
1029 2645 1191 2715 consump

194 2748 284 2810 serat,
302 2747 344 2811 ut,
363 2739 437 2797 dum
459 2738 584 2797 domum
607 2758 645 2798 ex
666 2738 783 2815 oppido
806 2738 892 2812 redit,
910 2748 1001 2797 nocte
1023 2757 1191 2815 oppressus

107 2841 116 2853 ”
194 2858 315 2898 cursum
330 2846 434 2897 tenere
450 2847 512 2898 non
528 2847 642 2916 posset,
659 2839 716 2897 sed
738 2858 793 2916 per
813 2838 914 2897 aiviam
936 2838 1045 2898 silvam
1067 2846 1190 2897 erraret.

195 2936 306 2998 Subito
332 2948 433 2997 autem
459 2939 522 2998 duo
551 2940 695 3012 latrones
726 2948 779 3015 qui
807 2938 840 2995 in
869 2937 947 2997 siluri
975 2936 1122 3010 latebant,
1152 2957 1191 2996 ex

194 3038 314 3098 insidiis
349 3038 512 3116 prosiliunt
548 3058 738 3117 puerumque
779 3049 900 3115 raptum
935 3049 1022 3097 veste
1058 3037 1190 3115 spoliare

193 3148 312 3216 parant.
356 3142 399 3197 At
435 3138 521 3197 canis
556 3139 666 3211 fidelis,
704 3147 756 3215 qui
792 3138 945 3198 Glaucum
977 3146 1075 3196 tetum
1108 3137 1191 3196 diem

196 3248 320 3297 secutus
336 3248 392 3310 est,
409 3238 534 3297 alterius
559 3238 687 3298 latronis
710 3248 778 3297 crus
800 3248 862 3297 tam
885 3237 995 3297 acriter
1016 3237 1189 3311 momordit,

194 3347 227 3396 ut
242 3338 293 3395 hic
305 3357 374 3396 cum
389 3337 504 3414 gemitu
520 3357 648 3414 puerum
663 3338 815 3397 liberaret.
855 3337 950 3396 Simul
963 3344 1022 3396 vox
1037 3337 1192 3396 horrenda

194 3436 300 3494 audita
314 3446 361 3495 est
376 3437 546 3508 clamantis
566 3429 635 3495 “En
653 3437 787 3495 latrones
803 3436 854 3508 illi,
869 3445 947 3513 quos
963 3447 1025 3495 tam
1041 3436 1095 3495 diu
1108 3437 1192 3497 ferro

194 3542 317 3612 ignique
341 3535 526 3612 sequimur.''
571 3536 642 3609 Qua
663 3543 741 3595 voce
762 3536 858 3595 territi
880 3536 973 3596 ambo
993 3535 1189 3615 diffugerunt.
