2692 3959
560 309 800 358 ANECDOTES.
1146 307 1177 361 75

73 487 79 508 ¹
180 476 313 537 occurrit
327 494 444 553 pauper
466 476 591 554 quidam
614 487 645 536 et
667 477 784 553 aliquid
810 486 928 556 argenti
951 478 990 536 ab
1016 485 1054 537 eo
1079 444 1176 555 petiit.

182 585 200 611 “
213 577 251 636 Id
273 577 330 636 tibi
352 577 481 636 libenter
502 578 615 649 dabo,”
634 577 795 654 respondit
816 577 875 651 ille,
894 585 947 636 “si
969 578 1054 636 voles
1076 596 1177 639 meum

180 677 357 753 sepulcrum
372 676 439 735 dies
454 684 622 753 noctesque
637 684 701 735 tres
716 677 901 737 custodire.”
942 677 1064 751 Quibus
1076 677 1178 737 verbis

87 832 96 840 .
164 802 166 806 ·
180 776 343 853 pecuniam
358 776 446 836 alteri
460 776 586 836 tradidit
601 786 632 836 et
648 777 751 836 statim
767 784 783 836 ἐ
799 786 862 836 vita
877 777 1028 837 discessit.

248 913 364 990 segetes,
377 931 444 989 agri.
738 939 1021 990 umquamne=num
1034 937 1166 991 umquam.

248 1012 342 1075 bobus,
354 1009 423 1058 from
435 1010 482 1058 bos.
739 1011 848 1074 egendo,
864 1025 901 1070 14,
916 1024 936 1057 1.

248 1094 363 1157 nummi,
373 1095 493 1156 pecunia.
739 1095 868 1159 recinsei,
880 1099 962 1142 secum
976 1095 1122 1143 considerat.

395 1317 443 1375 86.
482 1318 606 1375 AHard
625 1318 964 1391 Bergan-continued.
1060 1319 1061 1322 ’

225 1464 304 1523 Inde
325 1483 443 1541 pauper
465 1462 552 1522 iustis
574 1461 756 1522 funebribus
777 1465 964 1539 perfunctus,
981 1464 1064 1541 quod
1087 1463 1179 1523 fidem

183 1564 288 1625 datam
302 1564 416 1623 violare
431 1562 537 1636 noluit,
554 1582 609 1641 per
624 1564 702 1624 duas
717 1570 823 1622 noctes
839 1563 1011 1639 sepulcrum
1027 1564 1179 1641 agricolae

182 1664 387 1724 custodiebat.
439 1663 544 1723 Tertia
572 1673 674 1722 tamen
705 1672 796 1722 nocte
827 1664 914 1722 Mors
943 1663 1010 1739 ipsa
1039 1664 1181 1740 apparuit

181 1764 305 1824 funebri
319 1773 405 1824 veste
420 1763 536 1836 induta,
549 1772 581 1822 et
595 1782 707 1839 corpus
724 1763 782 1822 sibi
794 1763 873 1822 tradi
885 1763 983 1822 iussit.
1023 1767 1055 1822 Is
1067 1774 1178 1837 autem,

182 1873 241 1925 etsi
263 1864 366 1942 capilli
387 1882 461 1941 prae
483 1872 567 1922 metu
592 1863 783 1934 horruerunt,
809 1870 952 1939 promissi
978 1870 1041 1922 non
1066 1864 1179 1923 oblitus

184 1966 316 2024 Mortem
332 1965 375 2023 ita
390 1963 550 2024 adlocutus
565 1973 620 2023 est.
667 1970 685 1997 “
696 1962 855 2039 Equidem,
869 1963 963 2035 Mors,
977 1963 1036 2022 hoc
1048 1964 1180 2023 cadaver

181 2064 239 2124 tibi
255 2064 424 2124 concedam
438 2088 445 2137 ;
475 2071 581 2141 repeto
592 2073 696 2123 tamen
707 2070 763 2139 prs)
775 2062 829 2122 tali
841 2072 965 2122 munere
980 2072 1099 2123 tantum
1115 2074 1180 2123 auri

183 2174 334 2243 quantum
348 2184 387 2224 ex
401 2173 478 2223 meis
492 2164 651 2223 cothurnis
671 2164 799 2223 alterum
819 2163 1047 2240 compleverit.''
1093 2166 1180 2223 Mors

183 2272 247 2325 non
272 2265 390 2341 respuit
418 2263 642 2324 condicionem.
703 2264 781 2322 Inde
810 2263 882 2321 dum
911 2263 988 2322 haec
1017 2263 1178 2340 pecuniam

184 2363 319 2437 arcessit,
337 2364 387 2424 ille
402 2364 500 2424 cultro
516 2372 608 2422 imum
625 2363 809 2422 cothurnum
829 2363 972 2438 perforat.
1019 2364 1115 2422 Haud
1138 2364 1181 2422 ita

183 2465 279 2524 multo
312 2474 382 2541 post
418 2465 503 2523 Mors
532 2482 672 2541 regressa
701 2470 894 2521 nummorum
923 2481 1057 2537 saccum,
1089 2483 1180 2540 quem

183 2564 358 2642 reportavit,
375 2564 406 2622 in
422 2564 604 2623 cothurnum
621 2562 738 2622 effudit.
784 2564 897 2622 Mirata
913 2563 996 2638 quod
1011 2564 1181 2623 cothurnus

184 2665 321 2725 nondum
344 2664 514 2740 completus
536 2672 591 2736 est,
614 2664 741 2723 alterum
765 2682 887 2721 saccum
910 2662 1011 2738 priore
1034 2663 1180 2723 maiorem

184 2764 352 2824 arcessivit.
397 2764 537 2822 Tandem
553 2773 718 2841 postquam
734 2769 772 2821 ne
788 2763 838 2821 hic
855 2761 979 2839 quidem
997 2764 1180 2822 cothurnum

184 2863 338 2940 complere
350 2863 453 2937 valuit,
467 2865 540 2923 dum
552 2863 674 2922 tertium
691 2881 814 2921 saccum
830 2862 965 2936 arcessit,
983 2863 1048 2923 sole
1063 2864 1181 2923 oriente

185 2974 315 3040 excepta
330 2964 505 3023 necessario
520 2964 626 3041 fugere
641 2971 749 3022 coacta
765 2972 820 3022 est.

251 3113 357 3178 induta,
369 3119 465 3162 vestito.
742 3111 857 3176 respuit,
869 3113 965 3170 abnuit,
980 3126 1018 3177 37,
1031 3112 1065 3161 ad
1077 3113 1119 3162 fin.

251 3197 400 3263 aduentus,
412 3196 481 3245 from
493 3198 623 3261 adloquor.
742 3195 866 3260 arcessit,
879 3197 970 3260 adfert.

251 3281 375 3345 cediver,
388 3288 484 3342 corpus.
741 3292 872 3344 regressa,
885 3278 917 3344 85
941 3292 962 3344 5.

251 3366 369 3428 munere,
382 3364 503 3427 beneficio.
740 3364 864 3427 excepta,
878 3363 1039 3425 deprehensa.

251 3449 377 3513 alterum,
390 3452 482 3496 unum.
515 3442 517 3446 ’
741 3447 844 3511 euicta,
856 3445 925 3494 from
937 3452 999 3510 cogo‘.
