2692 3959
170 280 219 333 104
501 284 578 332 THE
600 280 838 332 ARGONAUTS.

173 450 375 528 Intellegebat
386 450 468 509 enim
483 461 602 528 patrem
615 470 704 511 suum
719 452 802 510 hunc
814 451 951 510 labbrem
966 448 1166 526 preposuisse

170 559 207 611 eb
238 552 306 628 ipsd
335 551 475 625 cbnsilib,
502 562 536 610 ut
561 555 655 610 Iasbn
685 557 860 610 moreretur.
906 550 995 624 Quae
1024 568 1094 607 cum
1122 549 1166 608 ita

120 700 124 703 .
169 661 282 723 essent,
300 652 422 724 Medea,
440 671 519 729 quae
538 671 689 711 summam
705 650 867 710 scientiam
883 650 1056 709 medicinae
1073 650 1165 710 habe

168 753 230 824 bat,
244 753 303 811 hbe
313 752 475 811 cdnsilium
491 752 567 812 iniit.
613 750 720 810 Media
736 760 827 810 nocte
843 751 922 809 elam
937 759 1025 827 patre
1037 769 1075 810 ex
1090 751 1164 810 urbe

168 852 284 923 evasit3
318 862 349 911 et
371 862 534 929 postquam
558 852 590 910 in
614 859 734 911 montes
757 850 907 910 finitimus
932 850 1024 922 venit,
1052 849 1165 909 herbas

168 953 319 1028 quasdam
334 951 468 1028 carpsit3
492 962 556 1011 tum
579 959 653 1011 sucb
668 957 818 1027 expressi>
834 959 1023 1028 unguentum
1045 950 1165 1026 paravit

168 1053 251 1128 quod
273 1061 303 1111 vi
325 1061 380 1111 sua
402 1071 514 1129 corpus
536 1052 631 1111 aleret
652 1059 825 1127 nerviisque
840 1051 1046 1110 cbniirmaret.
1092 1052 1164 1110 Hbc

167 1154 250 1212 factu
276 1156 380 1212 Iasoni
405 1162 592 1229 unguentum
617 1152 719 1211 dedit:
751 1151 909 1228 praecepit
933 1160 1043 1223 autem,
1069 1161 1103 1210 ut
1125 1158 1163 1210 eb

142 1284 148 1291 «
168 1253 226 1325 die,
243 1260 304 1329 qud
326 1253 377 1312 isti
398 1252 520 1312 labbres
542 1251 729 1312 cdnficiendi
750 1261 863 1321 essent,
887 1269 998 1327 corpus
1022 1269 1110 1309 suum
1132 1261 1164 1310 et

168 1372 251 1411 arma
266 1362 356 1412 mane
371 1352 531 1411 oblineret.
577 1354 680 1424 lesen,
697 1360 755 1411 etsi
776 1370 874 1428 paene
890 1357 997 1410 omnes
1014 1350 1163 1428 magnitu-

167 1453 239 1512 dine
263 1463 294 1511 et
315 1453 431 1512 viribus
454 1452 591 1529 corporis
611 1453 823 1524 antecellebat,
840 1461 903 1510 vlta
918 1451 1000 1511 enim
1015 1450 1115 1510 omnis
1130 1451 1162 1509 in

166 1552 381 1612 venitidnibus
412 1562 503 1628 atque
529 1553 561 1610 in
591 1552 702 1612 studiis
731 1561 775 1611 rei
804 1551 943 1611 militaris
972 1550 1161 1625 cunstiterat,

167 1654 314 1713 censebat
328 1662 431 1712 tamen
447 1654 506 1712 hbe
521 1652 685 1712 cbnsilium
700 1659 764 1712 min
780 1651 1004 1730 neglegendum
1020 1669 1097 1710 esse.

374 1934 437 1990 126.
478 1934 598 2005 Sowing
619 1936 670 1991 the
688 1934 833 2005 Dragon’e
852 1934 952 1990 Teeth.

209 2121 273 2181 Ubi
288 2121 315 2181 is
326 2122 393 2181 dies
408 2121 492 2181 venit
508 2141 598 2198 quem
614 2129 666 2181 rex
678 2123 719 2181 ad
734 2123 884 2182 arandum
895 2140 1001 2199 agrum
1014 2123 1160 2196 edixerat,

168 2227 261 2282 Iisbn
276 2232 343 2283 orta
363 2222 429 2282 luce
445 2242 514 2282 cum
530 2222 622 2282 sociis
638 2223 678 2282 ad
701 2222 802 2282 locum
822 2222 1021 2283 cbnstitirtum
1042 2230 1075 2282 se
1090 2242 1162 2282 con-

166 2317 243 2382 tulit.
276 2323 337 2387 ¹Ibi
360 2323 512 2383 stabulum
533 2323 642 2400 ingens
664 2322 798 2399 repperit
820 2323 852 2380 in
870 2330 931 2399 qus>
951 2332 1030 2383 tauri
1052 2323 1162 2383 inclusi

166 2433 253 2482 erant
268 2446 273 2482 :
296 2434 361 2482 tum
376 2433 471 2499 portis
487 2432 601 2500 apertis
616 2430 721 2482 taurus
733 2423 764 2480 in
780 2422 879 2482 lucem
894 2423 986 2482 traxit
995 2433 1026 2483 et
1041 2432 1161 2484 summa

166 2543 236 2583 cum
252 2523 430 2582 difficultate
445 2523 549 2601 iugum
565 2523 719 2600 imposuit.
765 2526 807 2583 At
823 2526 945 2594 Aeetes,
958 2543 1028 2582 cum
1043 2524 1163 2584 videret

166 2630 271 2683 taurus
293 2623 368 2680 nihil
391 2633 498 2682 contra
525 2626 668 2683 Iasonem
691 2624 800 2697 valere,
825 2632 1010 2701 magnopere
1033 2632 1161 2683 miratus

167 2734 231 2796 est3
265 2724 423 2782 nesciebat
451 2723 532 2782 enim
561 2723 658 2781 filiam
688 2743 774 2782 suam
801 2723 945 2782 auxilium
972 2724 1160 2783 ei'dedisse.

167 2826 246 2882 Tum
272 2827 366 2883 Iasbn
392 2823 535 2883 omnibus
556 2823 778 2899 aspicientibus
803 2842 908 2900 agrum
932 2832 1018 2883 arare
1041 2824 1161 2901 coepit;

167 2933 228 3001 qua
250 2923 281 2981 in
305 2931 337 2982 re
359 2932 476 2982 tantam
492 2923 684 2999 diligentiam
702 2924 851 3000 praebuit,
869 2933 902 2983 ut
917 2933 988 2983 ante
1003 2925 1161 2984 meridiem

166 3032 263 3083 tbtum
289 3043 367 3100 opus
393 3023 568 3082 cbniecerit.
615 3025 687 3082 Huc
715 3025 807 3095 iaetb,
835 3023 874 3081 ad
904 3024 1004 3082 locum
1030 3024 1083 3083 ubi
1109 3032 1162 3084 rex

167 3124 295 3183 sedebat
321 3123 397 3181 adiit
423 3132 454 3182 et
480 3124 589 3182 dentes
615 3123 759 3182 dracdnis
785 3123 969 3199 postulavit:
1004 3131 1082 3200 quds
1108 3124 1161 3184 ubi

167 3222 293 3299 accepit,
316 3222 346 3280 in
370 3241 476 3299 agrum
499 3241 589 3299 quem
612 3232 751 3282 araverat
775 3231 885 3299 magna
909 3241 979 3281 eum
1003 3223 1161 3301 diligentia

167 3322 287 3398 sparsit.
335 3323 456 3380 Herum
480 3332 581 3381 autem
603 3322 741 3380 dentium
764 3331 872 3380 natura
892 3331 958 3382 erat
978 3323 1049 3382 talis
1071 3333 1112 3395 ut
1130 3323 1161 3381 in

166 3429 204 3480 eb
226 3421 294 3480 locs)
316 3421 369 3479 ubi
392 3421 475 3480 insiti
497 3429 609 3493 essent,
625 3420 682 3478 viri
698 3429 806 3480 armati
821 3428 897 3481 mirb
913 3422 1049 3498 quddam
1069 3423 1163 3483 mods)

166 3529 372 3598 gignerentur.
