2692 3959
562 298 802 346 ANECDOTES.
1145 295 1177 347 65

179 471 236 535 est,
253 463 293 521 ad
307 464 450 523 horreum
469 463 573 523 divitis
592 465 773 542 coloni,.qui
795 472 858 524 non
881 465 986 542 procul
1007 464 1176 537 habitabat,

179 572 273 623 noctu
283 563 422 623 accessit.
461 565 523 623 Hic
536 575 699 641 postquam
711 572 834 625 umeros
844 572 958 641 magno
968 565 1033 623 feni
1043 565 1178 642 pondere

180 663 327 737 oneravit,
344 663 447 725 subito
470 683 544 724 suae
563 664 684 725 virtutis
706 684 823 724 memor
844 665 991 742 pabulum
1013 665 1061 723 his
1077 666 1179 724 verbis

181 765 220 823 ad
235 773 346 824 terram
361 764 491 839 deiecit3
516 767 662 843 “Magna
685 775 733 824 est
752 765 898 842 probitas,
915 784 973 825 nec
994 766 1075 825 malo
1096 766 1178 825 furto

180 883 304 924 vaccam
314 874 436 924 servare
446 865 546 925 volo.'’
578 866 730 925 Postridie
742 866 879 938 coldnuS,
891 885 982 943 quem
995 885 1052 924 nec
1063 866 1179 924 iactum

181 984 238 1023 nec
253 966 347 1024 verba
368 967 444 1024 Padi
463 966 647 1038 fefellerant,
665 967 780 1025 donum
803 966 843 1024 ad
864 985 934 1026 eum
956 965 1038 1024 misit
1060 974 1178 1024 tanturn

180 1066 253 1138 feni,
269 1075 417 1142 quantum
438 1066 575 1142 plaustro
590 1068 661 1126 vehi
682 1076 808 1143 poterat,
826 1085 895 1125 cum
913 1066 1054 1142 epistula,
1071 1065 1102 1124 in
1118 1074 1178 1143 qua

180 1166 258 1224 haec
280 1174 394 1242 scripta
416 1176 519 1226 erant:
545 1168 689 1244 “Magna
708 1174 781 1226 vero
803 1176 850 1226 est
871 1166 1018 1244 probitaS,
1035 1165 1178 1243 equidem

181 1275 284 1325 tamen
305 1276 389 1325 tuam
412 1286 538 1326 vaccam
561 1276 684 1327 servare
706 1266 807 1326 volo.''

248 1412 404 1475 praebebat,
417 1410 457 1467 60,
471 1410 494 1459 6.
739 1408 906 1470 fefellerant,
919 1409 987 1458 from
992 1411 1070 1476 fallo.

248 1495 408 1559 torrebatur,
424 1493 461 1551 16,
474 1493 497 1542 6.
739 1494 813 1559 vehi,
822 1499 932 1556 portari.
1077 1563 1080 1569 ἢ

248 1576 380 1642 probitas,
393 1576 426 1625 cf.
433 1577 537 1640 probus.
739 1576 875 1644 equidem,
888 1591 928 1639 71,
940 1575 977 1626 ad·
985 1576 1029 1626 fin.

512 1825 560 1886 73.
601 1813 841 1870 Seli-Reauaint.

224 1958 395 2017 Voluerunt
421 1957 494 2016 olim
519 1957 664 2017 animalia
690 1977 803 2018 novum
829 1966 932 2018 creare
957 1965 1069 2035 regem,
1096 1959 1181 2035 quod

182 2059 240 2131 leo,
264 2066 316 2134 qui
338 2065 466 2135 regnum
497 2066 588 2118 antea
617 2058 802 2131 obtinuerat,
825 2067 844 2117 a
869 2066 1016 2118 venatore
1046 2059 1180 2135 quodam

182 2167 303 2218 occisus
318 2168 392 2217 erat.
438 2161 548 2234 Itaque
563 2166 648 2218 certo
667 2159 718 2218 die
740 2159 856 2232 simiuS,
873 2159 959 2218 cuius
982 2159 1050 2218 ioca
1072 2167 1181 2219 ceteris

182 2267 295 2336 magno
310 2277 403 2336 opere
419 2259 593 2335 placebant,
605 2259 761 2337 suffragiis
776 2260 912 2319 omnium
927 2267 979 2318 rex
991 2269 1112 2319 creatus
1125 2269 1180 2319 est.

183 2359 300 2436 Volpes
316 2369 428 2432 tamen,
447 2369 496 2418 cui
512 2368 581 2419 simi
598 2378 679 2419 nova
701 2359 836 2437 dignitas
858 2359 983 2419 minime
1005 2369 1092 2437 grata
1112 2360 1179 2432 fuit,

182 2467 285 2537 regern
315 2461 497 2520 submovere
527 2460 697 2520 constituit.
755 2462 863 2520 “Veni
892 2461 1041 2534 mecum,”
1072 2460 1181 2537 inquit,

184 2567 266 2619 “rex
291 2569 411 2638 magne,
436 2560 540 2620 inveni
569 2560 652 2619 enim
678 2560 736 2620 sub
762 2570 889 2637 antiqua
915 2570 1029 2637 quercu
1053 2561 1182 2619 multum

183 2670 310 2738 argenti,
335 2662 418 2738 quod
447 2661 511 2720 iure
540 2667 646 2738 regum
677 2659 733 2719 tibi
762 2661 919 2738 proprium
948 2662 1025 2720 est.''
1071 2660 1183 2719 Simius

183 2761 288 2821 statim
303 2762 392 2821 iussit
407 2781 475 2821 eam
491 2762 531 2820 ad
545 2761 647 2820 locum
662 2768 696 2820 se
712 2763 823 2820 ducere
838 2761 1007 2837 inciditque
1020 2761 1051 2818 in
1067 2761 1182 2838 plagaS,

183 2871 261 2939 quas
272 2862 379 2938 volpes
402 2870 572 2937 paraverat.
616 2863 697 2919 Tum
719 2861 770 2919 illa
792 2880 861 2921 cum
883 2871 954 2934 risu,
973 2862 1069 2935 “Qud
1091 2862 1184 2920 modo

183 2971 218 3021 tu
232 2963 351 3038 poteS,”
368 2962 476 3038 inquit,
496 2962 600 3021 “alios
616 2979 730 3039 regere,
748 2970 800 3037 qui
822 2968 861 3021 ne
884 2969 913 3021 te
936 2962 1037 3038 ipsum
1060 2961 1184 3038 quidem

184 3081 289 3139 regere
305 3065 416 3140 potes?
428 3062 445 3089 ”

233 3214 345 3276 regnum
357 3212 523 3277 obtinuerat,
537 3217 697 3276 regnaverat.
810 3215 924 3278 mecum,
938 3214 977 3277 69,
991 3228 1013 3274 7.
1055 3227 1057 3230 ·

233 3297 332 3359 magud
344 3307 431 3360 opere,
445 3297 566 3343 maximi.
812 3297 918 3360 plagis,
933 3298 1048 3344 insidias.

233 3380 400 3450 submovere,
411 3377 443 3427 cf.
456 3383 561 3437 amovet,
573 3391 612 3452 57,
622 3376 656 3427 ad
665 3377 708 3436 fin.
810 3380 964 3451 paraverat,
998 3385 1086 3435 ecerat,
