2692 3959
565 296 803 345 ANECDOTES.
1148 295 1180 346 63

180 459 387 521 celebrabant.
432 461 497 520 Ubi
521 480 560 521 ex
581 471 626 522 tot
652 462 799 523 divitibus
823 471 915 524 nemo
941 470 1048 541 preces
1075 463 1180 524 audire

181 560 285 633 voluit,
301 561 487 638 piscatorem
502 580 679 638 pauperem,
697 571 750 638 qui
765 563 917 637 adstabat,
936 563 1081 622 auxilium
1095 573 1180 642 roga·
1257 629 1260 634 ,

181 667 298 719 verunt.
349 661 448 733 “Ac”
471 661 630 737 respondit
651 661 711 734 ille,
737 669 812 722 “est
834 662 908 721 mihi
931 682 989 721 nec
1011 663 1100 722 cibus
1122 683 1179 724 nec

182 770 340 838 argentum
370 760 461 833 domi,
494 760 577 836 quod
606 761 770 821 continuae
800 770 1001 839 tempestates
1031 763 1132 839 pisces
1161 773 1180 823 ῑι

182 868 293 920 nostris
308 868 370 920 oris
386 859 563 919 iamdudum
576 860 742 938 depellunt.
782 863 814 921 Si
826 872 928 921 tamen
945 870 1064 921 mecum
1075 871 1179 924 venire

181 960 281 1033 vultis,
296 961 377 1018 hanc
393 970 515 1020 noctem
531 961 588 1019 sub
604 968 674 1020 meo
694 969 776 1021 tecto
797 962 990 1037 requiescere
1011 963 1179 1039 poteritis.'’

183 1060 261 1119 Inde
276 1060 420 1133 advenas,
438 1068 490 1136 qui
512 1060 584 1119 laeti
605 1061 790 1120 beneficium
812 1060 977 1137 accipiunt,
994 1061 1118 1121 domum
1141 1062 1180 1121 ad

182 1167 306 1220 uxorem
329 1159 421 1219 ducit.
466 1160 525 1218 Illa
546 1169 648 1221 autem
671 1169 797 1232 maesta,
821 1160 904 1236 quod
930 1161 1024 1239 digno
1046 1161 1180 1238 hospitio

182 1261 318 1320 advenas
340 1267 403 1319 non
422 1269 525 1337 potest
546 1260 694 1338 accipere,
712 1260 828 1320 loculos
843 1268 967 1334 vacuos,
984 1261 1106 1338 inopiae
1123 1271 1180 1340 sig·

182 1379 264 1432 num,
290 1360 433 1421 ostendit.
484 1360 593 1420 Subito
619 1360 658 1418 ad
685 1370 797 1419 terram
823 1361 970 1420 decidunt
997 1368 1082 1421 asses
1109 1361 1178 1421 duo.

182 1460 321 1520 Piscator
341 1459 490 1520 miraculo
512 1460 661 1520 attonitus
683 1469 789 1519 vinum
811 1462 976 1537 cibumque
998 1461 1090 1534 emit;
1123 1481 1180 1523 nec

181 1561 310 1638 posthac
322 1561 430 1620 duram
439 1569 652 1638 paupertatem
661 1561 790 1634 ferebat,
802 1580 968 1638 numquam
978 1562 1060 1620 enirn
1072 1562 1178 1621 loculi.c

181 1661 309 1722 deerant
323 1662 419 1721 divini
435 1668 528 1721 asses.

248 1812 366 1879 sordida,
378 1813 505 1877 squalida.
705 1814 769 1879 ὖῐῑε,
782 1814 905 1871 litoribus,
919 1828 960 1878 43,
972 1813 995 1862 6.

248 1898 334 1962 veste,
346 1901 499 1954 vestimento,
517 1910 553 1958 17,
569 1911 589 1946 1.
707 1898 822 1962 maesta,
835 1899 922 1952 tristis,
938 1910 975 1962 53,
989 1896 1013 1947 6.

247 1979 392 2046 divitibus,
403 1979 473 2029 from
490 1981 565 2029 daber.
706 1980 845 2044 decidunt,
859 1979 900 2040 66,
913 1980 937 2029 8.

248 2063 388 2129 adsffibat,
400 2065 497 2113 aderat.
706 2065 906 2129 pauperiitem,
919 2063 953 2114 cf.
962 2071 1110 2126 pauperem,
1123 2079 1146 2126 4.

248 2146 419 2212 rogitatum,
427 2148 565 2210 petie'runt.
706 2146 826 2211 flectant,
840 2146 909 2196 from
920 2148 1015 2196 disum.

415 2396 420 2408 ·
493 2377 541 2438 70.
581 2366 643 2423 me
662 2366 769 2423 omen
788 2365 868 2422 nar.

224 2527 342 2607 Lydon,
370 2527 503 2605 agricola
533 2546 650 2604 pauper
679 2528 734 2588 sed
764 2529 887 2605 probus,
916 2528 1082 2604 aliquando
1111 2547 1179 2588 cum

180 2626 248 2686 filio
265 2627 379 2687 edebat
398 2647 526 2705 parvum
542 2637 661 2705 panem,
680 2647 771 2704 quem
787 2636 881 2688 totius
897 2627 958 2688 diei
973 2628 1115 2688 mercede
1131 2628 1180 2686 vix

181 2733 304 2787 emerat.
351 2730 432 2787 Dum
447 2747 524 2805 puer
539 2728 684 2788 dentibus
700 2747 787 2788 suam
807 2738 926 2805 partem
946 2728 1036 2804 panis
1057 2727 1178 2804 frangit,

181 2828 353 2904 complures
384 2837 500 2886 nummi
529 2837 622 2900 aurei,
651 2837 704 2905 qui
730 2828 762 2886 in
787 2828 858 2887 cibo
884 2829 997 2887 occulti
1026 2837 1121 2899 erant,
1148 2828 1179 2885 in

181 2927 330 3006 gremium
345 2927 411 2988 eius
427 2919 616 2988 deciderunt.
655 2930 727 2988 Hoc
744 2928 796 2987 ubi
809 2928 893 2987 videt
905 2947 988 3004 puer,
1004 2935 1022 2961 “
1033 2927 1179 3003 Accipe‚'’

181 3028 282 3104 inquit
297 3027 378 3088 laeta
393 3037 478 3101 voce,
497 3036 618 3105 “pater,
636 3029 694 3088 hos
709 3036 859 3100 nummos,
877 3035 955 3104 quos
974 3028 1051 3087 deus
1071 3027 1181 3103 aliquis

181 3127 248 3202 tibi,
278 3129 469 3206 paupertatis
498 3128 676 3201 remedium,
704 3129 840 3189 tribuit.'’
894 3136 912 3163 “
924 3128 1062 3199 Minime,
1091 3128 1181 3188 caris·

182 3228 289 3301 sime‚''
325 3229 484 3306 respondit
519 3239 613 3306 pater,
653 3230 841 3306 “pecuniam
876 3229 979 3306 potius
1018 3227 1181 3286 reddemus

181 3335 299 3405 pistori,
327 3339 387 3405 qui,
416 3329 488 3387 dum
515 3338 627 3406 panem
653 3329 767 3405 coquit,
795 3328 957 3405 pecuniam
987 3347 1056 3386 cum
1082 3328 1181 3386 farina

183 3428 288 3487 nescio
304 3436 365 3504 quo
381 3438 455 3488 casu
471 3429 623 3488 miscuit.''
670 3429 742 3488 Sine
759 3438 844 3487 mora
863 3429 954 3488 ambo
976 3428 1014 3486 ad
1035 3434 1181 3503 pistorem

182 3538 348 3608 properant
372 3547 497 3606 remque
524 3538 658 3588 narrant.
713 3530 793 3587 Tum
817 3528 876 3601 ille,
902 3530 1035 3587 “Macte
1061 3527 1180 3597 virtute,
