2692 3959
561 276 801 327 ANECDOTES.

320 478 578 537 ANECDOTES
609 478 697 537 FOR
726 476 1047 537 TRANSLATION.

230 594 304 658 The
320 593 492 674 following
508 594 689 658 anecdotes
707 594 837 677 require
850 614 869 657 a
882 593 1079 676 knowledge
1096 592 1185 657 of—

228 702 274 783 (a)
306 702 479 762 Indicative
501 701 672 868 }passive·
689 703 722 762 of
750 703 842 763 verbs
872 703 904 762 in
928 705 976 774 -ii,
1000 702 1082 761 third
1111 721 1185 762 con·

307 802 492 879 Imperative
576 802 726 881 jugation.

227 900 272 981 (b)
306 901 461 962 Infinitive
478 900 576 961 active
591 903 624 960 of
639 902 692 960 the
707 901 777 961 four
792 900 1016 981 conjugations.

227 1003 268 1083 (c)
305 1001 381 1061 Also
390 1010 522 1077 possum,
539 1004 610 1074 volo',
627 1004 701 1075 nolti,
718 1004 805 1061 malo'.

440 1180 489 1252 64.
528 1182 555 1236 A
574 1182 683 1239 Breach
702 1183 733 1239 oi
750 1182 921 1252 Disciplina

226 1293 417 1365 Fredericus,
442 1295 666 1353 Germanorum
692 1300 753 1366 ran,
780 1294 863 1370 quod
889 1294 927 1352 ab
950 1291 1092 1352 hostibus
1114 1311 1182 1370 pre·

182 1394 330 1465 mebatun
358 1392 538 1453 saevissima
563 1393 729 1470 disciplina
752 1393 863 1452 militas
889 1394 1063 1453 cohibebat.
1113 1395 1182 1452 Rex

184 1512 277 1570 saepe
293 1503 386 1553 noctu
401 1494 487 1553 salus
502 1512 557 1569 per
573 1503 674 1553 castra
694 1494 872 1553 ambulabat
893 1503 924 1553 et
946 1493 1012 1570 ipse
1034 1494 1180 1553 custodes

98 1579 102 1587 ¹
183 1594 214 1651 in
241 1594 426 1653 stationibus
455 1594 649 1671 disponebat.
705 1594 885 1670 Aliquando
914 1594 987 1653 dum
1012 1601 1096 1653 more
1122 1601 1180 1653 sua

183 1704 283 1753 castra
312 1695 483 1771 perlustrat,
511 1694 595 1753 videt
624 1695 781 1753 lucernam
811 1712 890 1769 quae
919 1693 951 1752 in
980 1694 1180 1753 tabernacula

182 1795 316 1854 finitimo
331 1796 468 1855 ardebat.
514 1797 581 1854 Rex
596 1795 697 1874 igitur,
715 1804 767 1871 qui
782 1794 915 1854 maxima
929 1802 974 1854 ira
989 1794 1178 1866 monebatur,

183 1895 266 1971 quod
285 1905 387 1972 ignem
406 1895 555 1954 militibus
576 1895 784 1969 interdixerat,
801 1896 926 1955 silenter
946 1894 1180 1954 tabernaculum

182 1994 313 2054 intravit.
350 1996 413 2053 Hic
428 1995 515 2054 miles
527 1994 691 2072 epistulam
707 1995 860 2055 scribebat
873 1995 912 2053 ad
927 2002 1061 2054 uxarem.
1095 1996 1179 2053 Dum

182 2095 285 2154 multis
300 2095 402 2154 verbis
421 2095 498 2154 dara
517 2095 653 2172 pericula
672 2095 755 2167 belli,
772 2113 858 2154 suam
878 2095 1016 2168 salutern,
1034 2102 1180 2154 amorem·

182 2214 241 2271 que
257 2189 452 2256 constantem
465 2204 574 2267 narrat,
588 2193 692 2255 subito
706 2201 809 2271 regem
821 2203 931 2254 iratum
947 2194 1064 2272 aspicit.
1098 2196 1178 2254 Tum

181 2301 242 2368 rex,
264 2298 407 2355 “Iterum
430 2283 594 2373 epistulam
617 2304 731 2371 repete,
750 2294 826 2353 haee
849 2304 952 2353 tamen
976 2294 1076 2367 adde3
1100 2295 1178 2365 vale,

182 2395 384 2469 acarissima,
404 2403 472 2455 cras
494 2395 576 2453 enim
599 2412 666 2473 ego,
686 2393 759 2470 quia
781 2394 957 2471 imperaturi
979 2395 1059 2453 male
1080 2402 1178 2471 parm,

181 2494 291 2572 capitis
313 2496 513 2555 damnabor.''

247 2606 427 2671 premebatur,
441 2604 480 2670 38,
494 2619 517 2667 7.
772 2605 844 2656 more
855 2606 912 2670 suo,
927 2618 967 2669 31,
981 2618 1003 2668 3.

247 2688 398 2754 cohibebat,
408 2689 448 2746 61,
458 2688 491 2737 ad
509 2688 552 2737 fin.
771 2688 918 2753 lucernam,
933 2700 971 2752 50,
985 2688 1008 2736 6.

247 2771 422 2838 stationibus,
438 2786 476 2837 29,
490 2787 512 2834 7.
770 2772 892 2838 ardebat,
908 2785 945 2832 14,
957 2784 982 2835 9.

524 2946 573 3020 65.
612 2949 639 3003 A
658 2947 833 3020 Bull'seye.

223 3049 344 3124 Loxias,
372 3052 455 3126 quod
477 3060 570 3111 vitam
596 3051 629 3110 in
654 3051 741 3110 silvis
765 3069 886 3127 semper
908 3048 1048 3128 degebat,
1071 3055 1181 3109 omnes

181 3149 257 3210 alias
269 3151 443 3229 sagittarios
458 3151 632 3228 superabat.
680 3152 778 3227 Saepe
794 3151 884 3228 lupos
900 3149 1081 3226 aquilasque
1093 3150 1180 3209 volu·

180 3250 283 3310 cribus
306 3252 426 3330 sagittis
452 3251 665 3327 transfigebat,
690 3269 747 3309 nec
773 3269 918 3326 umquam
941 3249 1054 3310 frustra
1077 3250 1115 3308 ab
1141 3257 1181 3310 eo

180 3350 274 3410 telum
290 3361 415 3410 missurn
432 3360 487 3410 est.
526 3351 617 3409 Forte
636 3349 756 3409 incolae
774 3350 859 3408 urbis
878 3358 1069 3426 propinquae
1089 3349 1180 3409 iudos

181 3449 557 3509 sollemnescelebrabant.
587 3450 689 3507 Prima
699 3449 864 3524 quadrigas
874 3448 1032 3526 agitabant
1041 3449 1178 3521 iuvenes,

181 3549 292 3609 deinde
307 3558 419 3626 pugnis
434 3549 601 3619 certabant,
614 3555 771 3624 postremo
782 3556 939 3607 certamen
951 3548 1179 3626 sagittariorum
