2692 3959
560 290 800 341 ANECDOTES.

504 520 550 561 12.
590 506 857 577 Orchard-mbbing.

224 670 262 726 In
278 667 433 745 Hispania
448 666 520 726 olim
536 667 659 742 vivebat
675 669 768 739 Nero,
785 686 861 743 puer
881 666 1047 744 improbus.
1086 670 1179 729 Forte

180 778 246 827 erat
261 774 362 827 vicino
378 767 409 825 in
429 768 519 826 horto
538 767 629 826 arbor
650 750 911 843 magna'rnati'rris
933 774 1033 844 pomis
1055 780 1176 829 onusta.

180 867 244 927 Ubi
259 886 335 944 puer
355 869 496 926 arborem
511 867 604 939 videt,
621 875 734 944 magna
754 866 868 943 cupido
888 867 1021 943 praedae
1042 869 1177 929 animum

179 978 320 1045 occupat.
378 969 488 1026 “Num
520 966 665 1025 dominus
699 973 748 1025 me
777 966 943 1025 videbit?”
974 967 1073 1044 inquit
1101 989 1178 1046 puer

180 1067 298 1126 avidus.
344 1068 436 1127 “Cur
458 1068 597 1126 arborem
620 1073 683 1125 non
707 1067 811 1125 statim
834 1069 1021 1128 ascendo?''
1066 1072 1177 1146 Itaque

180 1166 247 1227 sine
262 1176 348 1227 mora
363 1176 481 1227 ramum
496 1166 661 1243 prehendit
677 1176 708 1225 et
723 1167 754 1224 in
770 1169 910 1227 arborem
923 1176 957 1227 se
972 1169 1073 1228 trahit.
1110 1173 1176 1229 Iam

179 1267 258 1326 inter
289 1275 382 1344 poma
414 1267 525 1339 sedet3
570 1267 630 1324 iam
666 1268 774 1327 dextra
808 1261 911 1346 fruges
942 1278 1028 1328 tenet
1062 1278 1176 1346 gratas.

186 1372 221 1426 tt
251 1367 354 1427 subito
383 1385 508 1425 raucum
535 1368 700 1427 clamorem
727 1368 821 1427 audit.
874 1370 953 1427 Ecce
983 1369 1040 1428 sub
1067 1370 1176 1429 arbore

179 1475 322 1544 magnum
354 1486 540 1545 saevumque
570 1487 680 1527 canem
709 1468 802 1527 videt.
863 1469 987 1527 Frustra
1023 1471 1107 1528 Nero
1142 1477 1176 1529 se

179 1568 267 1639 celat,
288 1568 467 1634 namcanis
493 1569 590 1627 furem
617 1568 712 1627 sentit
738 1568 906 1645 impletque
929 1575 1018 1645 agros
1041 1570 1176 1629 clamore

178 1674 281 1727 rauco.
340 1667 483 1745 Denique
513 1669 572 1727 sub
601 1669 710 1728 arbore
740 1668 821 1726 iacet
849 1678 1070 1746 exspectatque
1104 1688 1175 1746 pue-

178 1788 254 1828 rum.

244 1903 392 1968 improbus,
406 1903 559 1959 inhonestus,
571 1900 595 1959 8,
611 1915 630 1949 1.
767 1900 876 1966 avidus,
889 1915 913 1964 9,
926 1915 948 1966 3.

243 1986 343 2051 vicino,
356 1986 379 2042 8,
394 1998 415 2050 5.
767 1986 873 2050 dextri,
886 1985 909 2042 6,
923 1999 945 2046 7.

149 2109 152 2115 Δ
243 2071 351 2134 onusta,
365 2068 397 2118 ef.
411 2070 500 2131 plina.
768 2068 871 2133 iam,7‚
886 2082 908 2115 1.

243 2153 349 2217 cupido,
362 2151 394 2201 ef.
407 2151 503 2214 cupidi,
516 2165 539 2214 9,
555 2164 576 2199 1.
767 2150 868 2216 subito,
880 2165 904 2212 4,
918 2165 940 2216 3.

243 2237 366 2301 occupat,
377 2249 399 2299 9,
411 2247 431 2300 5.
767 2232 880 2299 fn'rstri,
895 2249 926 2301 q,
933 2247 954 2300 5.

396 2463 442 2520 13.
481 2446 947 2517 Orchard-robbing—continued

220 2600 280 2660 Dio
295 2605 327 2659 in
348 2600 410 2661 alta
431 2601 505 2661 sede
525 2610 631 2659 manet
650 2619 734 2677 puer.
780 2602 904 2660 Interea
927 2601 1056 2661 consilia
1077 2604 1174 2663 multa

176 2711 207 2760 et
223 2701 334 2761 callida
354 2701 386 2760 in
407 2701 511 2761 animo
527 2700 631 2760 volvit.
678 2702 819 2760 “Nonne
842 2708 948 2760 custos
971 2721 1081 2763 saevus
1103 2723 1174 2764 mox

176 2801 328 2860 dormiet?
365 2804 478 2862 Nonne
494 2800 595 2877 caligo
610 2799 711 2859 noctis
730 2808 779 2859 me
800 2800 963 2860 liberabit?
975 2802 993 2828 ’'
1031 2803 1173 2880 Denique

176 2901 261 2978 quod
276 2901 362 2960 canis
378 2901 565 2978 praesidium
587 2908 648 2959 non
670 2899 824 2977 relinquit,
841 2900 880 2959 de
901 2902 999 2960 salute
1019 2902 1172 2980 desperat.

86 3056 94 3062 .
177 3004 218 3060 At
233 3001 356 3061 lortr'rna
376 3010 531 3077 captivum
554 3000 646 3059 iuvat.
692 3002 813 3059 Taurus
835 3001 921 3078 niger
943 3021 1048 3079 agrum
1071 3003 1172 3063 intrat.

177 3101 285 3160 Statim
308 3101 393 3160 videt
414 3120 523 3160 canem
546 3110 576 3159 et
598 3108 686 3159 torva
711 3102 813 3160 fronte
835 3101 992 3161 inimicum
1014 3112 1174 3181 antiquum

174 3201 262 3278 petit.
307 3203 375 3261 Nec
397 3211 531 3278 pugnam
553 3210 676 3260 recusat
702 3201 796 3273 canis,
821 3203 876 3260 sed
903 3203 1049 3263 dentibus
1073 3215 1174 3265 saevis

174 3302 268 3360 modo
294 3311 414 3378 tergum
440 3302 533 3360 modo
558 3302 692 3359 frontem
721 3309 799 3359 tauri
828 3311 936 3361 tentat.
992 3306 1072 3363 Tum
1098 3326 1175 3382 puer

174 3400 371 3460 occasionem
387 3408 450 3460 non
465 3400 690 3477 praetermittit
704 3410 735 3459 at
747 3418 785 3459 ex
797 3402 905 3461 arbore
920 3403 1023 3462 desilit
1034 3405 1173 3483 petitque

173 3499 288 3579 lugam.
334 3500 511 3561 Adversarii
525 3519 583 3559 nec
598 3501 703 3578 lugam
718 3500 855 3560 sentiunt
866 3521 924 3563 nec
935 3514 1070 3582 pugnam
1086 3505 1174 3565 relin-
