2692 3959
191 296 240 347 110
571 300 727 347 ARGONA
734 298 761 347 U
763 299 810 347 TS.

190 458 299 509 verunt
314 461 345 510 et
360 454 496 511 membra
512 454 578 513 eius
598 454 629 512 in
645 464 700 513 ves
716 474 847 525 aeneum
863 455 1077 529 ceniecerunt3
1110 455 1188 513 nihil

191 551 272 608 enim
296 552 481 612 dubitebant
503 563 576 630 quin
602 555 661 613 hec
683 555 813 614 mexime
835 563 863 613 ei
885 556 1077 632 profuturum
1093 565 1186 615 esset.

191 654 232 709 At
247 659 296 710 res
311 661 437 712 omnino
453 653 541 712 aliter
556 655 659 713 evenit
675 663 711 713 ec
727 661 942 731 speraverant:
975 656 1088 713 Medea
1103 655 1187 713 enim

190 758 253 810 non
269 753 393 810 easdem
414 753 527 812 herbes
548 754 634 812 dedit
651 754 763 829 quibus
781 754 849 831 ipsa
868 763 924 813 sisa
944 763 1018 813 erat.
1065 757 1185 831 Itaque,

189 860 353 928 postquam
366 852 418 911 din
432 854 546 913 frustra
560 861 826 930 exspectaverunt,
838 864 955 931 patrem
968 874 1057 913 suum
1069 862 1101 914 re
1113 863 1186 915 vere

189 962 340 1011 mortuum
365 971 434 1011 esse
464 952 687 1012 intellexerunt.
735 956 795 1012 His
821 956 912 1013 rebus
938 964 1043 1031 gestis,
1071 956 1186 1013 Medea

189 1053 333 1128 sperabat
355 1060 389 1111 se
411 1072 480 1111 cum
502 1053 632 1130 coniuge
654 1062 712 1114 suo
728 1062 855 1130 regnum
878 1064 1072 1131 accepturam
1095 1073 1184 1114 esse:

188 1161 220 1209 at
246 1159 336 1223 cives,
362 1171 431 1211 cum
457 1154 671 1230 intellegerent
697 1162 759 1230 que
784 1155 878 1214 modo
905 1154 1005 1214 Pelies
1031 1154 1183 1231 periisset,

188 1260 306 1309 tantum
331 1253 432 1311 scelus
456 1261 546 1330 aegre
564 1254 717 1313 tulerunt:
740 1254 843 1329 itaque
860 1256 973 1314 Iesone
989 1264 1021 1313 et
1037 1255 1151 1315 Medeai
1167 1262 1185 1313 e

188 1358 282 1428 regne
297 1352 442 1429 expulsis
460 1355 609 1412 Acastum
624 1360 728 1430 regem
744 1361 931 1413 creaverunt.

525 1520 588 1641 136.
629 1569 655 1623 Α
674 1569 757 1625 Fatal
776 1569 850 1626 Gist.

230 1715 305 1772 Post
316 1713 393 1772 haec
409 1715 502 1772 lesen
516 1722 546 1772 et
563 1714 676 1773 Medea
687 1721 703 1772 e
716 1714 879 1773 Thessalia
891 1714 1011 1791 expulsi
1023 1714 1062 1773 ad
1074 1715 1182 1774 urbem

188 1812 370 1872 Corinthum
392 1821 550 1885 venerunt,
567 1814 653 1872 cuius
677 1814 761 1873 urbis
782 1816 884 1874 Creon
907 1816 1030 1891 quidam
1053 1822 1181 1891 regnum

187 1921 252 1969 tum
277 1912 447 1971 obtinebat.
494 1915 566 1972 Erat
592 1922 695 1972 autem
720 1916 846 1973 Creonti
872 1914 938 1972 filia
963 1924 1032 1987 ima,
1055 1914 1180 1974 nemine

187 2012 324 2092 Glauce3
355 2031 447 2088 quam
470 2032 538 2072 cum
563 2014 700 2087 vidisset,
729 2017 822 2073 lesen
849 2013 1008 2073 censtituit
1035 2016 1180 2073 Medeam

187 2118 312 2170 uxerem
334 2131 421 2171 suam
444 2113 606 2189 repudiere
622 2122 659 2174 eo
675 2114 805 2173 censilie
820 2125 854 2173 ut
868 2115 1008 2174 Glaucen
1030 2114 1061 2171 in
1080 2114 1181 2172 mattri-

186 2211 323 2271 monium
339 2212 474 2272 duceret.
518 2215 560 2272 At
584 2206 776 2286 Medea,'ubi
799 2213 949 2273 intellexit
972 2232 1051 2290 quae
1074 2213 1124 2273 ille
1147 2213 1180 2272 in

187 2312 290 2371 animo
315 2312 450 2385 haberet,
474 2321 518 2372 ini
543 2314 676 2390 graviter
698 2321 861 2385 commeta,
889 2313 1084 2373 iureiurando
1109 2321 1181 2373 con·

186 2411 320 2470 firmavit
330 2419 363 2471 se
372 2422 489 2471 tantam
502 2412 641 2471 iniuriam
655 2414 795 2472 ulterram.
832 2415 903 2473 Hoc
915 2412 1006 2490 igitur
1017 2413 1180 2473 consilium

187 2512 277 2588 cepit.
322 2513 451 2571 Vestem
472 2513 589 2589 parevit
610 2522 729 2572 summe
750 2522 813 2572 arte
838 2522 1013 2572 contextam
1033 2522 1064 2572 et
1088 2513 1180 2572 variis

187 2612 341 2671 coloribus
353 2621 480 2671 tinctam
492 2636 498 2670 :
519 2614 599 2672 hanc
611 2614 678 2672 diro
690 2614 825 2689 quedam
837 2613 943 2672 infecit
954 2621 1083 2686 venene,
1093 2613 1181 2672 cilius

186 2720 233 2770 vis
248 2711 319 2771 talis
334 2722 407 2783 erat,
421 2722 462 2783 ut,
476 2718 502 2771 si
518 2713 586 2789 quis
599 2732 666 2771 eam
679 2723 795 2772 vestem
812 2713 971 2786 induisset,
986 2732 1098 2790 corpus
1113 2712 1180 2772 eius

181 2812 276 2888 quasi
291 2822 355 2888 igni
371 2820 513 2871 ureretur.
553 2814 624 2872 Hec
639 2815 732 2886 facte,
747 2824 864 2872 vestem
878 2814 917 2872 ad
927 2813 1066 2872 Glaucen
1078 2812 1179 2872 misit:

186 2911 238 2969 illa
254 2922 356 2970 autem
374 2912 449 2969 nihil
465 2912 537 2969 mali
552 2913 714 2988 suspicans
730 2913 845 2972 denum
866 2913 998 2972 libenter
1010 2912 1129 2990 accepit
1149 2921 1181 2970 et

186 3021 304 3070 vestem
319 3028 438 3084 novam,
453 3019 535 3070 mere
551 3012 742 3085 feminarum,
757 3012 861 3071 statim
876 3012 984 3071 induit.

322 3232 385 3291 137.
425 3220 526 3290 Flight
544 3222 575 3277 of
593 3223 693 3279 Medea
711 3225 767 3279 and
787 3225 880 3280 Death
899 3223 929 3280 of
947 3223 1045 3294 Jason.

227 3366 287 3423 Vix
302 3375 418 3424 vestem
443 3366 585 3426 induerat
601 3367 726 3440 Glauce,
744 3388 812 3426 cum
829 3369 965 3428 dolorem
980 3387 1104 3446 gravem
1124 3386 1180 3444 per

186 3465 289 3523 omnia
304 3465 440 3523 membra
455 3467 551 3524 sensit
563 3476 593 3525 et
608 3476 679 3542 post
690 3467 814 3543 paulum
826 3469 893 3527 diro
906 3469 1040 3527 cruciatu
1056 3469 1179 3527 adfecta

184 3571 202 3631 e
227 3573 289 3623 vitai
314 3564 454 3631 excessit,
501 3567 561 3629 His
585 3568 678 3627 rebus
701 3577 806 3644 gestis,
825 3569 939 3631 Medea
960 3569 1062 3634 furere
1086 3578 1179 3652 atque
