2692 3959
162 306 195 358 84
544 299 783 351 ANECDOTES.

164 475 295 553 sepelire
307 474 415 545 solent,
431 470 578 532 Sinonem
589 478 692 528 vivum
705 486 774 526 cum
789 472 883 524 uxrire
898 471 1019 523 mortua
1031 461 1159 523 fiinibus

165 574 330 636 demittunt
344 573 376 632 in
391 581 517 650 puteum
532 569 727 649 profundum,
742 573 804 644 qui)
819 564 961 640 sepulcri>
975 569 1062 641 reges
1077 562 1160 621 illius

165 685 263 735 terrae
279 675 450 735 fatebantur.
498 673 582 730 Huic
596 679 700 730 tamen
716 668 756 726 ab
771 673 855 725 omni
870 671 925 741 spe
946 662 1053 723 salutis
1068 662 1159 721 inter-

165 777 251 835 clusi)
265 776 388 834 fdrtima
403 771 550 850 patefecit
565 770 630 830 iter.
669 767 766 827 Sinin
781 764 865 826 enim
878 764 961 823 fame
973 763 1085 839 sitique
1097 761 1160 821 iam

165 875 328 935 moriturus
357 873 479 950 volpem
508 870 585 930 vidit
619 887 699 945 quae
732 864 935 925 cadaveribus
964 862 1157 922 vescebatur.

166 976 267 1050 Quam
290 994 345 1052 per
364 973 430 1032 vias
449 972 586 1032 occultas
606 968 658 1028 diri
679 976 803 1027 secutus
822 982 948 1042 parvam
969 972 1075 1021 rimam
1098 970 1160 1039 quai

165 1076 234 1153 ipsa
262 1085 388 1151 puteum
417 1073 584 1131 intraverat
612 1069 738 1128 tandem
764 1065 889 1125 invenit.
946 1064 1024 1123 Inde
1052 1062 1158 1133 Sin6n‚

165 1185 330 1252 postquam
345 1182 457 1251 magnai
473 1181 503 1231 vi
519 1180 604 1232 nisus
621 1168 755 1246 lapidem
775 1167 931 1244 ingentem
952 1163 1159 1235 submdverat,

165 1283 200 1335 se
214 1274 355 1335 liberavit
369 1284 461 1350 atque
477 1272 517 1331 ad
532 1279 616 1331 <iram
631 1267 815 1328 maritimam
830 1265 936 1326 evasit.

232 1408 367 1472 secundis,
381 1422 441 1470 opp.
453 1407 573 1463 adversis,
586 1418 625 1469 95,
639 1418 662 1469 3.
782 1403 902 1470 finibus,
916 1419 955 1467 27,
971 1419 991 1453 r.

232 1492 361 1556 opimam,
374 1492 485 1539 divitem.
782 1490 904 1554 puteum,
920 1502 957 1554 59,
970 1488 1004 1538 ad
1015 1488 1058 1537 fin.

232 1576 367 1640 priaperi,
373 1573 494 1639 filiciter.
782 1572 966 1638 cadaveribus,
978 1572 1019 1630 86,
1032 1572 1055 1622 6.

414 1749 462 1809 97.
489 1737 551 1793 The
569 1737 622 1793 Old
640 1736 711 1793 Man
730 1736 760 1791 of
778 1736 911 1792 thesea.

209 1850 306 1910 Sindn
321 1868 376 1926 per
396 1849 467 1907 litus
489 1856 624 1923 quinque
645 1847 729 1906 milia
747 1865 894 1924 passuum
909 1855 1037 1924 vagatus
1053 1866 1161 1907 senem

166 1950 320 2027 quendam
332 1949 363 2007 in
375 1957 441 2024 ripa
453 1946 587 2006 fluminis
599 1948 759 2006 sedentem
772 1946 898 2006 invenit.
937 1949 1000 2006 Hic
1013 1947 1161 2007 Sindnem

166 2058 199 2110 se
215 2059 300 2109 trans
315 2049 428 2107 flumen
444 2056 556 2106 umeris
568 2055 777 2124 transportare
789 2046 887 2106 iussit.
930 2050 1039 2124 Itaque
1052 2048 1159 2121 Sinian,

167 2169 258 2227 quem
274 2149 357 2208 senis
372 2149 486 2206 infirmi
500 2146 646 2218 miseruit‚
660 2166 730 2206 eum
745 2146 778 2204 in
793 2154 915 2207 umeris
930 2147 1111 2219 sublevavit,
1128 2148 1162 2207 id

167 2250 250 2327 quod
276 2250 459 2327 imperatum
484 2256 532 2306 est
556 2248 702 2306 facturus.
748 2248 849 2306 Senex
875 2257 985 2320 autem,
1013 2246 1103 2306 simul
1129 2248 1161 2306 in

166 2350 235 2409 loci)
258 2349 387 2408 firmiter
410 2347 497 2420 sedit,
523 2346 662 2406 eruribus
683 2347 795 2405 collum
821 2347 987 2425 amplexus,
1014 2347 1160 2407 Sindnem

167 2469 245 2509 onus
261 2450 416 2524 deperiere
433 2446 599 2524 prohibuit.
644 2448 725 2507 Tum
742 2447 847 2519 Sinin,
864 2447 948 2523 quod
968 2446 1077 2507 luctari
1096 2455 1161 2507 nim

167 2549 310 2621 audebat,
328 2567 422 2608 senex
437 2547 519 2607 enim
534 2547 601 2606 diri>
617 2547 760 2622 amplexit
779 2566 849 2606 eum
869 2547 1050 2620 suffocabat,
1066 2548 1162 2607 domi-

167 2669 240 2708 num
255 2649 314 2707 hirc
334 2647 406 2707 illuc
426 2666 481 2725 per
501 2654 598 2707 tritum
619 2646 701 2706 diem
716 2647 826 2706 vehere
847 2655 973 2706 coactus
991 2657 1047 2707 est.
1093 2650 1161 2708 Nee

166 2769 227 2809 nox
242 2748 357 2810 laberis
372 2748 467 2807 finem
482 2747 564 2819 fecit,
583 2766 678 2806 senex
693 2747 774 2807 enirn
791 2747 883 2806 etiam
898 2747 1053 2808 dormiens
1069 2757 1163 2826 eapti-

166 2870 238 2909 vum
253 2849 347 2909 artius
364 2847 613 2925 amplectebatur.
656 2849 783 2907 Posteri)
795 2857 898 2906 tamen
913 2848 972 2921 die,
989 2848 1062 2908 dum
1077 2848 1163 2908 iussu

166 2950 282 3010 domini
305 2968 360 3026 per
383 2948 491 3007 silvam
514 2947 571 3007 iter
593 2947 677 3021 facit,
696 2947 792 3007 Sinim
815 2958 941 3025 repente
962 2958 1056 3025 caput
1078 2949 1163 3008 senis

166 3049 284 3109 arboris
300 3056 385 3107 rami)
401 3057 454 3124 qui
476 3047 676 3124 impendebat
696 3047 828 3107 maxima
848 3057 879 3108 vi
900 3048 1045 3108 admavit.
1090 3050 1162 3122 Qus)

166 3158 229 3208 ictu
245 3149 437 3226 stupefactus
453 3166 548 3207 senex
559 3157 647 3207 crura
658 3148 772 3208 laxavit
784 3158 877 3225 atque
893 3149 933 3208 ad
947 3157 1059 3208 terram
1074 3149 1163 3208 mori-

165 3250 290 3308 bundus
305 3246 425 3309 cecidit.

231 3365 359 3428 vagatus,
372 3376 413 3427 94,
428 3377 449 3411 1.
795 3366 847 3416 hic
858 3364 933 3430 illic,
946 3379 987 3430 93,
999 3379 1022 3430 9.

233 3447 398 3510 sublevavit,
411 3445 451 3503 68,
467 3460 504 3495 ιο.
556 3462 560 3469 ’
794 3450 901 3513 vehere,
909 3454 1023 3511 portare.

231 3530 339 3596 luctari,
351 3531 504 3579 contendere.
795 3532 901 3599 cecidit,
913 3533 982 3582 from
994 3534 1061 3583 cado'.
