2692 3959
573 308 813 357 ANECDOTES.
1159 305 1191 358 45

195 482 289 535 tetius
312 485 385 534 anni
407 475 508 552 spatici
529 484 723 552 paraverant.
776 474 933 534 Facillime
955 482 993 535 ee
1015 484 1088 534 vase
1110 474 1192 535 istud

195 583 304 652 rapum
320 575 544 636 continebatur.
589 577 618 634 N
621 583 703 635 <inne
718 576 778 635 hac
794 576 945 635 somnium
960 575 1129 636 mirabilius
1141 575 1192 635 ille

196 675 359 736 indicatis?
370 676 388 702 ”
426 677 468 734 At
480 675 597 749 tertiuS,
608 685 660 752 qui
672 677 750 735 haec
761 676 854 756 tacite
867 676 1032 749 audiverat,
1045 678 1191 749 “Certe''

196 775 304 852 inquit,
323 782 479 852 “uterque
495 784 629 835 vestrum
644 795 708 835 rem
724 776 894 840 mirabilem
916 775 1051 836 narravit
1069 784 1192 851 panem-

197 894 256 952 que
271 876 351 935 bene
366 875 485 936 meruit.
532 875 611 934 Mihi
627 886 732 935 tamen
750 876 865 953 aliquid
887 885 996 934 mirum
1016 886 1114 935 visum
1134 886 1190 936 est.

197 978 277 1034 Nam
300 976 332 1033 in
354 983 462 1036 somne
487 975 535 1056 (ut
556 975 732 1057 videbatur)
754 975 944 1050 esuriebam;
967 986 1078 1053 panem
1100 976 1192 1055 igitur

196 1075 369 1135 devoravi.'’

262 1208 353 1259 visum
364 1210 417 1274 est,
429 1208 461 1257 fr.
475 1211 568 1259 videor.
736 1212 767 1261 οῖ)
778 1211 844 1261 vase
851 1231 883 1251 =
890 1211 917 1257 in
929 1216 956 1257 aa
967 1215 1032 1258 vase.

262 1292 362 1357 spatie,
375 1299 491 1371 tempore.
736 1293 899 1358 esuriebam,
905 1294 1005 1358 famem
1019 1294 1145 1343 habebam.

517 1470 565 1530 50.
605 1457 666 1513 rue
685 1421 873 1527 argutione.

239 1602 277 1659 ln
299 1609 337 1660 ea
359 1610 445 1678 parte
467 1600 643 1659 Britanniae
663 1620 742 1677 quae
765 1601 805 1659 ad
826 1600 1052 1677 septentrir'mes
1074 1611 1193 1677 spectat

196 1701 268 1760 litus
297 1700 433 1777 undique
462 1701 588 1778 napibus
617 1701 793 1777 asperrimis
828 1700 1008 1760 continetur.
1068 1702 1192 1760 Incolae

196 1800 297 1878 igitur,
314 1801 397 1877 quod
412 1799 456 1859 ibi
471 1800 585 1860 multae
601 1808 696 1859 naves
712 1800 905 1878 naufragium
922 1801 1070 1875 fecerunt,
1087 1802 1191 1860 turrim

197 1900 385 1973 altissimam,
415 1920 495 1977 quae
531 1901 646 1976 pharus
682 1901 861 1977 appellatur,
892 1901 1027 1977 quadam
1057 1901 1089 1958 in
1118 1912 1191 1978 rape

193 2000 445 2060 aedificaverunt.
492 2002 584 2061 Hanc
609 2003 715 2059 turrim
741 2000 926 2060 habitabant
951 2020 1046 2061 senex
1071 2011 1102 2060 et
1127 2002 1193 2060 iilia

196 2100 263 2160 eius
278 2087 380 2178 parva,
397 2110 450 2177 qui
465 2111 558 2160 noctu
573 2120 693 2177 semper
708 2101 915 2160 incendebant
929 2102 1092 2174 lucernam,
1106 2102 1192 2161 cuius

197 2201 298 2260 lamen
321 2220 413 2277 saepe
436 2210 547 2260 nautas
569 2202 607 2260 de
630 2202 767 2281 pericula
788 2202 1015 2277 praemonebat.
1060 2205 1102 2261 At
1120 2210 1193 2262 nan-

197 2312 363 2377 numquam
385 2311 431 2360 vis
457 2301 649 2378 tempestatis
679 2302 800 2361 labrires
830 2310 990 2360 nautarum
1019 2313 1190 2378 exsuperat,

196 2410 227 2460 et
256 2402 344 2461 navis
370 2401 475 2461 infelix
500 2412 553 2460 aut
579 2402 636 2460 sub
662 2401 753 2459 undis
779 2408 812 2460 se
838 2401 956 2478 mergit,
982 2411 1034 2460 aut
1058 2403 1192 2478 scopulis

196 2502 370 2561 crudelibus
392 2501 574 2561 adflictatur.

212 2635 306 2710 turris,
319 2651 359 2697 40,
375 2650 395 2684 1.
720 2637 875 2700 exsuperat,
888 2635 921 2685 cf.
933 2636 1096 2698 superabunt,
1109 2635 1132 2693 6,
1144 2636 1168 2685 6.

213 2719 399 2779 incendebant,
416 2718 453 2776 16,
467 2718 490 2768 6.
720 2719 828 2783 mergit,
843 2733 881 2776 22,
895 2733 917 2781 7.

213 2804 414 2868 praemonebat,
428 2802 460 2851 cf.
474 2804 580 2860 monm't,
595 2816 633 2862 24,
646 2818 669 2863 4.
723 2803 850 2867 scopulis,
865 2802 904 2859 26,
917 2817 941 2862 4.

416 2997 464 3057 51.
504 2985 566 3040 The
584 2983 971 3054 Ligbthouse—continued

239 3129 375 3187 Fuerunt
411 3128 483 3188 alim
519 3128 632 3186 multas
668 3128 734 3186 dies
770 3126 934 3186 continuae
971 3134 1192 3203 tempestates3

196 3228 321 3288 tandem
340 3227 409 3308 dies
428 3228 611 3303 tranquillus
632 3226 777 3285 succedit.
823 3229 950 3302 Iamque
965 3228 1071 3303 procul
1086 3235 1103 3286 e
1118 3237 1192 3288 turri

196 3328 340 3387 custddes
377 3336 520 3405 magnam
557 3326 711 3402 aspiciunt
739 3334 858 3398 navem,
889 3345 968 3402 quae
997 3326 1029 3385 in
1058 3328 1192 3404 scopulis

194 3427 318 3499 haeret;
348 3446 419 3486 mox
448 3427 540 3486 etiam
568 3434 685 3503 paucas
707 3425 813 3484 vident
834 3435 952 3497 nautas,
975 3434 1028 3501 qui
1050 3427 1191 3485 manibus

196 3536 285 3607 signa
300 3528 375 3589 dant
391 3527 598 3604 auxiliumque
613 3535 731 3605 petunt.
775 3527 855 3587 Tum
867 3526 953 3606 virga
968 3526 1107 3586 animasa
1122 3546 1191 3588 cum
