2692 3959
159 261 207 311 114
572 260 619 309 UL
626 259 740 307 YSSES.

158 429 301 489 omnibus
313 437 366 505 qui
381 429 412 486 in
429 436 500 487 navi
516 427 614 487 relicti
629 436 701 486 sunt
717 428 757 486 ad
772 427 873 486 locum
884 425 985 498 venit3
1008 435 1039 485 et
1051 426 1155 486 socios

159 537 232 589 suos
256 530 368 589 frustra
396 529 535 587 hortatus
561 537 594 586 ut
623 536 733 604 sponte
760 535 816 585 sua
841 526 984 599 redirent,
1011 526 1156 585 manibus

158 636 264 689 eorum
288 639 359 706 post
385 639 470 707 terga
494 629 615 699 vinctio,
642 627 756 685 invitos
779 627 819 685 ad
843 635 953 685 navem
977 626 1153 702 reportavit.

158 731 238 788 Turn
254 738 374 789 ancoris
390 728 520 789 sublatis
535 746 626 805 quam
642 725 799 786 celerrime
814 732 831 784 ἐ
846 734 936 802 portu
952 724 1051 784 solvit.
1132 798 1133 801 Ἴ

429 960 493 1013 141.
533 943 594 999 The
612 942 767 1015 One-Eyed
785 943 884 999 (liant.

201 1088 353 1149 Postridie
369 1088 435 1147 eius
450 1088 511 1147 dier
534 1097 698 1163 postquam
714 1093 810 1145 totam
834 1097 957 1146 noctem
976 1093 1068 1145 ramis
1083 1105 1154 1145 con-

158 1189 330 1260 tenderant,
354 1189 394 1247 ad
417 1198 527 1246 terram
549 1194 686 1264 ignotam
709 1194 819 1246 navem
842 1186 1046 1262 appulerunt:
1076 1196 1151 1259 turn,

159 1289 243 1363 quod
266 1297 406 1347 naturam
430 1288 496 1346 eius
520 1286 654 1363 regionis
676 1285 845 1363 ignorabat,
862 1285 929 1362 ipse
952 1286 1060 1345 Ulixes
1082 1305 1152 1345 cum

159 1388 321 1447 duodecim
347 1394 364 1446 e
389 1387 481 1446 sociis
505 1386 536 1444 in
563 1398 674 1444 terram
700 1393 843 1462 egressus
866 1387 967 1444 locum
993 1387 1153 1462 explorare

159 1487 327 1547 constituit.
373 1488 501 1546 Paulum
523 1495 541 1545 a
564 1487 652 1545 litore
674 1493 828 1562 progressi
844 1487 883 1545 ad
906 1475 1031 1545 antrum
1042 1486 1153 1563 ingens

159 1594 371 1664 pervenerunt,
396 1588 479 1663 quod
505 1586 636 1645 habitari
660 1592 842 1644 senserunt:
873 1585 939 1644 eius
959 1586 1041 1644 enim
1062 1586 1153 1645 intro

159 1688 233 1747 itum
260 1698 325 1746 arte
350 1696 381 1747 et
409 1687 551 1745 manibus
581 1695 730 1745 munitum
760 1704 830 1744 esse
859 1686 1151 1746 animadverterunt.

161 1789 242 1860 Mox,
260 1797 318 1846 etsi
340 1787 560 1864 intellegcbant
583 1793 616 1845 se
638 1793 702 1846 non
718 1785 783 1844 sine
806 1786 942 1862 periculo
958 1786 989 1845 id
1006 1787 1151 1860 facturos,

159 1897 279 1947 antrum
295 1888 503 1946 intraverunt:
526 1887 691 1962 quodcum
706 1885 862 1957 fecissent,
876 1895 1018 1963 magnam
1030 1886 1153 1964 copiam

159 1987 247 2046 lactis
271 1987 454 2047 invenerunt
476 1987 505 2045 in
536 1995 620 2046 vasis
650 1986 828 2064 ingentibus
858 1987 1024 2046 conditam.
1070 1989 1152 2046 Dum

157 2097 261 2147 tamen
285 2097 432 2147 mirantur
446 2088 516 2163 quis
531 2106 599 2147 eam
615 2087 721 2146 sedem
741 2087 896 2159 incoleret,
914 2087 1048 2146 sonitum
1069 2087 1153 2146 terri·

158 2187 252 2246 bilem
274 2188 456 2247 audiverunt
477 2197 508 2247 et
530 2188 627 2247 oculis
650 2188 690 2245 ad
715 2196 834 2263 portam
863 2196 960 2247 versis
982 2195 1151 2247 monstrum

158 2286 303 2346 horribile
326 2288 476 2359 viderunt,
493 2288 627 2347 humana
651 2287 775 2363 quidem
798 2287 901 2364 specie
923 2297 954 2347 et
975 2288 1079 2365 figura,
1096 2289 1153 2346 sed

159 2387 275 2464 ingenti
301 2388 512 2464 magnitudine
539 2387 685 2464 corporis.
731 2389 809 2447 Cum
836 2398 938 2446 autem
964 2388 1153 2447 animadver-

157 2487 268 2545 tissent
287 2472 443 2563 gigantem
468 2497 560 2545 unum
583 2497 702 2546 tantum
724 2487 845 2547 oculum
868 2488 981 2546 habere
1000 2487 1032 2545 in
1052 2487 1153 2546 media
1190 2502 1206 2516 ⁸

157 2587 259 2646 fronte
281 2587 422 2663 positum,
440 2586 655 2646 intellexerunt
677 2588 760 2646 hunc
782 2606 851 2646 esse
872 2596 966 2646 unum
981 2594 998 2646 ὂ
1014 2587 1154 2666 Cyclopi-

158 2686 226 2759 bus,
243 2687 282 2745 de
304 2685 416 2763 quibus
437 2688 551 2745 lamam
575 2687 635 2744 iam
658 2694 850 2763 acccperant.

434 2916 497 2971 142.
538 2903 599 2958 The
617 2902 735 2959 Giant's
755 2903 877 2973 supper.

201 3046 355 3123 Cyclopes
379 3055 480 3105 autem
508 3053 648 3122 pastores
675 3057 762 3106 erant
788 3047 921 3123 quidam,
945 3056 999 3122 qui
1021 3046 1152 3106 insulam

160 3144 295 3203 Siciliam
319 3155 349 3204 et
374 3145 537 3222 praecipue
564 3155 700 3205 montem
725 3150 858 3206 Aetnam
884 3146 1078 3205 incolebant:
1109 3146 1153 3205 ibi

158 3243 239 3303 enim
257 3245 423 3317 Volcanus,
440 3264 566 3320 praeses
585 3246 742 3305 fabrorum
758 3256 789 3305 et
804 3246 884 3323 ignis
904 3256 1049 3321 repertor,
1066 3244 1153 3305 cuius

159 3352 239 3401 servi
256 3343 408 3419 Cyclopes
423 3354 519 3415 erant,
536 3346 688 3404 officinam
705 3364 791 3404 suam
807 3347 950 3405 habebat.

201 3440 312 3499 Graeci
341 3441 440 3518 igitur,
471 3443 562 3501 simul
591 3452 628 3502 ac
657 3451 827 3504 monstrum
856 3446 1007 3517 vidcrunt,
1038 3452 1153 3505 terrore

159 3556 258 3617 paene
274 3539 439 3600 exanimati
462 3541 493 3612 in
517 3541 692 3626 interiorem
717 3553 834 3620 partem
855 3543 1022 3623 speluncae
1038 3545 1153 3632 refuge·
