2692 3959
558 274 798 325 ANECDOTES.

531 590 580 648 61.
619 592 681 648 The
699 593 828 649 Wolves.

225 753 371 815 Omnium
387 752 573 827 animalium,
586 772 665 829 quae
683 752 839 831 Scythiam
854 751 1000 827 incolunt,
1013 752 1180 813 taeterrimi

184 863 257 915 sunt
276 855 361 931 lupi;
383 855 415 912 hi
430 856 511 913 enim
530 872 623 930 saepe
642 854 681 912 ab
699 862 783 911 omni
803 863 890 930 parte
910 853 1096 913 conveniunt
1114 872 1180 930 per-

185 974 245 1032 que
264 955 357 1014 silves
380 962 493 1031 migne
516 953 638 1032 egmine
664 953 810 1030 praedam
836 963 1007 1030 exquirunt.
1053 954 1181 1013 Femina

184 1055 337 1132 quaedam
353 1073 422 1113 cum
438 1054 535 1113 tribus
552 1054 656 1113 liberis
673 1071 729 1129 per
748 1053 805 1112 hes
824 1053 917 1112 silves
936 1053 968 1111 in
986 1063 1075 1113 curri
1089 1054 1179 1113 vehe-

183 1156 281 1214 betur.
328 1154 438 1214 Subite
453 1154 595 1230 luperum
611 1153 761 1212 ululetum
780 1154 909 1212 audiunt
932 1162 963 1213 et
985 1172 1056 1213 mox
1079 1154 1179 1213 dirum

184 1264 294 1332 agmen
317 1263 452 1331 appetet.
501 1255 625 1312 Frustre
647 1253 700 1311 illa
725 1253 943 1312 habenis-dat
966 1261 1056 1330 eque,
1081 1261 1178 1330 eques

185 1355 266 1415 enim
288 1354 379 1413 facile
405 1364 497 1415 cursu
520 1353 651 1413 adsidue
677 1362 863 1431 exsuperant
886 1353 957 1430 lupi.
1003 1354 1063 1411 Vix
1085 1354 1178 1414 breve

184 1454 318 1532 spatium
354 1454 560 1530 interpenitur
596 1453 770 1529 miseraque
805 1453 922 1512 femina
957 1452 1076 1530 linguas
1112 1472 1179 1512 san·

184 1554 321 1632 guinees,
351 1555 458 1613 fauces
489 1554 601 1631 nigras,
632 1554 742 1613 dentes
772 1553 910 1612 crudeles
943 1553 1060 1630 aspicit.
1112 1556 1177 1612 Iam

183 1655 335 1715 fervidum
351 1654 490 1732 spiritum
506 1661 666 1714 saeverum
682 1653 858 1712 animelium
873 1654 937 1713 iere
953 1655 1054 1713 sentit.
1099 1655 1179 1713 Tum

184 1764 267 1816 metir
288 1762 403 1815 vesene
429 1763 526 1814 meter
551 1771 589 1813 ex
618 1764 707 1814 curri
731 1753 889 1812 minimum
918 1762 991 1814 neti
1015 1754 1178 1814 libererum

184 1855 278 1917 deicit
307 1866 338 1915 et
370 1857 455 1916 dene
489 1854 628 1914 horribili
661 1854 809 1932 impetum
843 1853 983 1930 luperum
1017 1873 1180 1931 parumper

184 1956 315 2016 cohibet.

249 2106 408 2170 taeterrimi,
422 2106 564 2155 horribiles.
741 2106 914 2171 sanguineis,
932 2105 968 2155 ci·
977 2107 1089 2169 sanguis,
1102 2119 1141 2167 47,
1156 2119 1179 2171 5.

249 2190 368 2255 figmine,
378 2205 460 2252 grege,
474 2202 513 2254 25,
525 2190 548 2238 6.
741 2187 874 2254 fervidus,
889 2203 927 2254 59,
941 2202 965 2249 4.

250 2273 404 2337 exquirunt,
413 2280 511 2335 petunt.
741 2274 850 2336 venene,
864 2277 963 2321 insani.

249 2357 379 2421 habenis,
394 2368 432 2413 21,
445 2368 468 2417 7,
741 2368 895 2421 parumper,
909 2371 968 2419 opp.
981 2356 1034 2413 dia,
1049 2370 1070 2414 2,
1086 2368 1106 2421 5.

431 2636 479 2694 62.
519 2637 580 2694 The
598 2638 928 2694 Wolves-continued

226 2801 328 2859 Primi>
344 2806 430 2859 atrex
445 2799 606 2859 censilium
625 2800 781 2870 successit,
798 2799 862 2876 lupi
882 2799 973 2870 enim,
990 2799 1064 2858 dum
1084 2806 1179 2860 saeve

183 2901 315 2960 clemere
345 2899 491 2977 praedam
520 2898 652 2975 rapiunt,
679 2908 789 2976 regmen
815 2900 945 2971 sistunt;
977 2919 1048 2958 mox
1073 2909 1178 2960 tamen

183 3001 235 3060 ubi
256 3019 379 3060 carnem
400 3018 437 3058 ex
455 2998 576 3058 ossibus
598 2998 699 3057 miseri
720 2999 846 3058 infantis
867 3000 1089 3059 dilaniaverant
1105 2999 1178 3079 (nec

183 3101 292 3177 longus
308 3099 358 3157 ille
373 3097 431 3157 fuit
452 3098 551 3178 labor)
569 3097 678 3156 iterum
699 3098 889 3175 fugientibus
909 3100 1073 3158 instabant.
1119 3102 1180 3158 Ite·

183 3219 249 3257 rum
263 3198 379 3257 femina
394 3198 499 3256 infelix
516 3197 596 3256 idem
617 3197 693 3256 facit
714 3198 903 3274 alterumque
926 3200 1074 3258 infantem
1097 3200 1179 3275 lupis

183 3299 335 3359 concedit.
375 3299 502 3373 Iamque
517 3316 571 3373 per
587 3298 720 3368 arbores,
734 3300 942 3375 spectaculum
961 3299 1176 3375 gretissimum,

182 3409 249 3459 visa
263 3408 335 3457 sunt
350 3404 431 3456 tecta
447 3397 567 3456 aedium
583 3396 615 3456 in
630 3397 742 3473 quibus
758 3407 847 3457 amici
861 3398 1043 3458 habitabant
1064 3400 1179 3459 tessus·

184 3518 243 3574 que
252 3516 350 3575 equus
363 3495 530 3573 ingeminat
542 3514 673 3554 cursum.
712 3498 779 3555 Nec
791 3506 894 3556 tamen
905 3497 1030 3556 domum
1042 3498 1176 3571 advenit,
