2692 3959
180 291 212 344 78
557 293 797 343 ANECDOTES.

226 460 300 523 The
315 460 448 544 supinas
463 480 520 524 are
536 470 602 525 two
620 481 711 524 noun
727 461 832 525 iorms
850 461 885 525 of
901 461 1095 526 declension
1115 462 1177 525 IV.

224 617 271 699 (r)
303 618 419 696 Supine
445 618 477 677 in
503 637 655 677 um-an
681 619 856 680 accusative
881 620 915 679 of
940 638 1073 697 purpose
1098 619 1179 679 after

346 718 437 778 verbs
452 718 485 777 of
500 718 624 778 motion.

328 835 398 886 veni
410 834 443 888 ιδ
455 834 560 894 visum.
575 835 596 887 I
604 834 681 888 have
694 851 769 888 come
781 841 809 888 to
821 852 865 888 see
870 852 940 904 you.

224 976 271 1056 (2)
303 977 419 1054 Supine
433 976 466 1035 in
481 981 599 1036 ai—an
616 977 748 1037 ablative
768 979 801 1037 oi
822 987 943 1055 respect
966 978 1044 1037 used
1065 977 1179 1057 chiefly
1225 995 1227 1000 ’

345 1076 417 1137 with
433 1076 611 1156 adjectives.

817 1185 845 1231 to
858 1177 888 1230 be
899 1177 989 1230 said!

328 1230 463 1284 mursae
481 1231 584 1284 uetur
613 1231 782 1302 wonderful
816 1280 848 1331 in
862 1278 1027 1351 thesaying
1036 1282 1047 1319 '

580 1475 755 1484 .—

314 1634 571 1693 ANECDOTES
603 1634 689 1693 FOR
718 1632 1038 1692 TRANSLATION.

522 1795 570 1867 89.
610 1797 671 1853 The
690 1795 827 1853 Robbers.

224 1924 338 1988 Balbus
368 1924 510 2002 agricola,
538 1933 591 2002 qui
619 1923 652 1983 in
681 1922 774 1991 silvas
804 1924 887 2000 ligna
917 1942 1040 1983 caesum
1069 1933 1177 1997 iverat,

181 2023 319 2101 virgultis
334 2024 472 2083 occultus
488 2033 631 2101 magnam
646 2043 771 2083 manum
786 2024 948 2096 laurinum,
965 2033 1017 2101 qui
1037 2024 1177 2096 adibant,

181 2123 266 2182 vidit.
312 2124 374 2198 Qui
392 2124 464 2182 dum
486 2123 665 2201 perterritus
688 2124 804 2183 nullum
827 2143 937 2183 sonum
959 2125 1049 2183 edere
1071 2125 1177 2197 audet,

181 2224 243 2282 dux
258 2224 324 2301 ipse
339 2223 491 2283 latrduum
503 2223 684 2283 altissimam
696 2233 803 2300 rupem
815 2243 977 2300 aggressus
990 2243 1057 2284 eam
1068 2225 1179 2284 dextra

180 2323 314 2400 pulsavit
343 2324 420 2383 haec
449 2324 577 2398 locutus,
609 2328 732 2402 “Aperi
760 2331 800 2396 te,
831 2324 1004 2383 horreum,”
1055 2324 1179 2399 Quibus

181 2424 291 2496 verbis,
314 2424 453 2484 mirabile
475 2424 579 2484 dictu!
615 2425 699 2483 fores
723 2424 839 2484 celatae
863 2433 974 2501 aperiri
997 2432 1080 2484 visae
1104 2434 1179 2484 sunt

182 2533 363 2600 antrumque
375 2523 484 2602 ingens
496 2525 642 2601 patefieri.
676 2523 754 2584 Inde
765 2525 901 2584 latrdnes
913 2534 1033 2582 antrum
1045 2525 1179 2602 ingressi

180 2642 283 2696 onera,
311 2643 390 2701 quae
413 2625 585 2701 portabant,
609 2626 821 2702 deposuerunt
849 2625 1020 2700 iterumque
1045 2634 1180 2702 regressi

181 2731 388 2799 ecbnspectsr
412 2724 627 2786 discesserunt.
673 2725 795 2785 Deinde
822 2725 944 2798 Balbus,
970 2732 1023 2800 qui
1050 2725 1178 2784 tandem
1227 2778 1233 2789 .

182 2825 345 2884 elatebris
371 2833 453 2883 exire
484 2843 578 2885 ausus
607 2835 663 2899 est,
692 2826 801 2885 iisdem
828 2826 929 2884 verbis
958 2833 1040 2897 usus,
1071 2833 1180 2902 rupem

181 2924 248 3001 ipse
277 2925 410 3002 pulsavit
439 2935 620 3001 antrumque
649 2926 799 3003 patefecit
828 2932 903 2985 aurd
931 2925 1116 3001 completum
1147 2934 1182 2983 et

182 3032 317 3100 argentei,
341 3025 424 3101 quod
448 3034 466 3084 ἑ
488 3026 657 3086 viitbribus
683 3035 804 3103 raptum
833 3026 968 3086 latreues
992 3025 1023 3083 in
1048 3032 1085 3084 ed
1108 3024 1181 3083 locr'r

182 3123 373 3183 abdiderant.
418 3125 490 3199 Qud
504 3135 571 3186 visu
587 3126 736 3186 attonitus
754 3133 822 3186 sese
845 3144 937 3202 quam
957 3124 1090 3184 maxims)
1112 3133 1182 3183 auri

181 3225 317 3301 pondere
333 3225 472 3284 oneravit
487 3226 672 3303 domumque
688 3228 787 3286 laetus
802 3226 902 3285 rediit.

248 3369 365 3421 caesum,
378 3355 446 3404 from
459 3358 538 3405 caedd.
772 3359 897 3423 regressi,
910 3358 950 3423 85,
965 3371 986 3423 5.

248 3438 345 3502 iveni,
357 3437 427 3486 from
438 3444 470 3486 er.
772 3455 855 3492 ausus
866 3443 918 3506 est,
931 3440 999 3489 from
1010 3440 1111 3489 audire.

248 3521 334 3591 Ῥθῐῑν
348 3534 387 3584 3²»
402 3533 422 3590 5·
772 3524 917 3589 attonitus,
930 3523 969 3586 69,
983 3522 1016 3572 ad
1028 3522 1070 3575 fin.
