2692 3959
218 292 264 341 122
635 290 682 339 UL
689 289 804 339 YSSES.

217 466 278 535 que
292 460 385 532 facte,
401 465 508 518 omnes
523 459 555 517 in
571 466 683 535 porces
699 457 805 518 subite
817 465 960 517 conversi
975 466 1056 519 sunt.
1091 457 1218 517 interce

217 558 407 637 Eurylochus
432 567 557 636 ignarus
581 558 657 635 quid
680 559 713 616 in
736 558 866 618 aedibus
881 565 1021 635 ageretur
1039 558 1079 616 ad
1102 557 1218 616 estium

216 659 364 731 sedebat3
387 668 551 735 postquam
572 667 676 718 tamen
691 659 731 717 ad
746 658 821 718 selis
836 667 983 717 occasum
1003 656 1096 717 anxie
1111 657 1217 717 anime

216 768 247 818 et
262 758 395 818 sollicite
410 767 652 835 exspectaverat,
670 759 755 818 selus
778 759 818 817 ad
840 767 949 817 navem
969 757 1089 835 regredi
1104 757 1217 817 censti-

216 858 282 918 tuit.
328 860 373 918 Εό
385 877 453 917 cum
463 858 608 932 venisset,
622 859 779 917 anxietate
791 867 829 917 ec
844 858 953 918 timere
965 857 1008 917 ita
1019 858 1216 934 perturbatus

214 958 275 1018 fuit
300 968 341 1032 ut,
369 978 449 1036 quae
474 958 612 1032 vidisset,
639 959 690 1018 vix
719 958 820 1018 lucide
849 966 972 1017 narrare
1002 967 1117 1034 posset.
1173 961 1216 1016 At

217 1058 325 1118 Ulixes
348 1058 424 1118 satis
449 1059 598 1118 intellexit
622 1058 724 1118 socies
748 1066 821 1118 sues
842 1057 873 1116 in
891 1058 1028 1134 periculi)
1043 1066 1166 1131 versari,
1183 1067 1215 1117 et

215 1159 320 1235 gladie
344 1165 484 1235 correpte
506 1159 679 1237 Euryloche
699 1157 870 1235 imperavit,
887 1168 921 1217 ut
939 1157 1007 1217 sine
1030 1166 1114 1217 morai
1133 1158 1216 1216 viam

217 1259 257 1317 ad
283 1258 373 1318 istam
400 1259 525 1318 domum
554 1266 748 1319 menstreret.
796 1258 851 1318 Ille
881 1267 985 1317 tamen
1014 1258 1118 1317 multis
1144 1266 1215 1317 cum

216 1358 351 1419 lacrimis
361 1358 485 1418 Ulixem
497 1359 677 1435 complexus
691 1358 982 1435 obsecrare-coepit,
996 1366 1035 1418 ne
1047 1358 1078 1417 in
1094 1367 1214 1417 tantum

217 1459 385 1534 periculum
406 1466 440 1518 se
455 1459 676 1518 committeret:
702 1460 734 1517 Si
755 1458 830 1535 quid
849 1459 972 1536 gravius
988 1467 1017 1517 ei
1039 1457 1214 1531 accidisset,

217 1558 354 1618 omnium
376 1559 505 1618 salutem
527 1558 559 1616 in
582 1566 702 1618 summe
717 1558 895 1618 discrimine
917 1560 1059 1617 futuram.
1105 1558 1215 1617 Ulixes

217 1669 320 1718 autem
334 1659 494 1735 respondit
509 1666 542 1718 se
554 1658 709 1735 neminem
725 1659 854 1718 invitum
871 1666 975 1718 secum
991 1659 1215 1718 adducturum:

217 1767 246 1818 ei
267 1757 368 1831 licere,
389 1766 415 1818 si
437 1758 549 1829 mallet,
571 1759 602 1816 in
625 1767 698 1817 navi
720 1765 862 1818 manere:
893 1766 927 1817 se
948 1758 1048 1834 ipsum
1067 1757 1134 1817 sine
1152 1757 1216 1818 ulle

217 1857 331 1917 auxilie
345 1877 409 1917 rem
425 1867 647 1934 suscepturum.
693 1859 766 1917 Hec
777 1876 847 1917 curn
862 1867 975 1935 magna
986 1865 1062 1917 vece
1075 1857 1214 1930 dixisset,

217 1963 234 2016 e
249 1965 321 2016 navi
332 1947 456 2016 desiluit
471 1966 502 2017 et
517 1958 601 2018 nulle
616 1967 767 2035 sequente
782 1959 868 2017 selus
883 1956 915 2015 in
929 1957 1010 2017 viam
1026 1964 1060 2016 se
1075 1956 1170 2016 dedit.

497 2220 561 2279 154.
601 2209 663 2264 The
681 2209 805 2264 Counter
823 2208 937 2264 Charm-
994 2224 997 2229 ’

259 2369 461 2446 Aliquantum
484 2368 602 2428 itineris
624 2377 805 2447 progressus
828 2369 867 2428 ad
889 2369 993 2427 villam
1018 2368 1215 2446 megnificam

217 2468 364 2544 pervenit,
388 2488 480 2545 quam
503 2488 572 2528 curn
595 2469 692 2528 oculis
718 2469 944 2547 perlustrasset,
969 2466 1074 2527 statim
1100 2468 1216 2527 intrare

217 2567 339 2627 statuit:
363 2568 513 2627 intellexit
536 2569 618 2628 enim
640 2568 722 2628 hanc
744 2588 813 2628 esse
836 2570 967 2628 eandem
983 2569 1023 2627 de
1038 2577 1100 2645 qua
1123 2570 1215 2646 Eury·

218 2668 326 2728 lochus
345 2668 534 2728 mentienem
549 2669 683 2728 iecisset.
730 2672 772 2727 At
787 2688 857 2727 curn
872 2669 904 2727 in
920 2676 958 2728 ee
973 2677 1057 2728 esset
1072 2677 1106 2727 ut
1121 2668 1214 2726 limen

216 2778 368 2841 transiret,
393 2768 496 2829 subite
520 2769 643 2829 obviam
666 2779 695 2828 ei
719 2768 805 2828 stetit
825 2770 1008 2828 adulescens
1030 2769 1129 2828 terme
1151 2768 1214 2844 pul-

217 2869 375 2941 cherrima,
401 2888 526 2928 aureum
550 2869 695 2928 baculum
721 2879 815 2927 manu
836 2876 957 2947 gerens.
1004 2869 1067 2927 Hic
1091 2867 1213 2927 Ulixem

217 2968 277 3027 iam
299 2969 424 3027 domum
446 2969 612 3028 intrantem
634 2979 728 3028 manr‘r
750 2968 897 3046 corripuit
919 2978 958 3042 et,
985 2970 1085 3042 “Que
1099 2967 1214 3027 ruis?''

217 3067 324 3144 inquit,
357 3070 498 3128 “Nerine
528 3078 590 3128 scis
620 3070 701 3128 hanc
729 3088 799 3128 esse
825 3069 931 3129 Circes
959 3069 1106 3128 domum?
1152 3069 1213 3127 Hic

217 3168 326 3226 inclusi
344 3177 416 3227 sunt
439 3177 530 3228 amici
553 3178 606 3242 tui,
624 3188 661 3228 ex
683 3169 818 3228 humana
842 3169 945 3246 specie
966 3168 998 3226 in
1018 3176 1130 3245 porces
1145 3187 1213 3228 con·

217 3276 304 3326 versi.
360 3269 443 3325 Num
465 3276 511 3326 vis
534 3268 599 3345 ipse
621 3268 653 3326 in
677 3270 808 3328 eandem
831 3268 1036 3328 calamitatem
1057 3269 1213 3328 venire?”

217 3365 325 3425 Ulixes
341 3366 431 3424 simul
446 3375 484 3424 ec
499 3374 607 3426 vecem
623 3367 740 3426 audivit
755 3369 848 3427 deum
869 3368 1056 3427 Mercurium
1072 3367 1212 3445 agnevit:

216 3463 308 3522 nullis
320 3473 425 3523 tamen
436 3465 580 3541 precibus
592 3467 631 3524 ab
644 3466 786 3526 institute
796 3467 928 3527 censilie
940 3460 1087 3527 deterreri
1098 3467 1213 3543 potuit;

217 3561 300 3636 quod
315 3581 385 3619 cum
401 3563 573 3622 Mercurius
588 3564 747 3638 sensisset,
760 3565 888 3625 herbam
904 3567 1061 3642 quandam
1072 3574 1102 3626 ei
1116 3565 1213 3638 dedit,
