2692 3959
168 252 202 304 38
545 249 784 300 ANECDOTES.

169 423 249 480 Tum
271 421 374 480 miseri
396 425 538 496 parentes
560 437 624 477 rem
646 417 813 476 terribilem
835 415 962 487 vident3
1000 433 1071 474 nam
1099 415 1167 492 ipse

168 520 300 580 dehiscit
315 527 403 579 mons
418 528 449 578 et
463 518 613 577 immenso
627 517 714 577 hieto
728 524 824 576 totam
841 535 964 574 manum
981 514 1099 591 accipit.

235 653 368 714 laetitiae,
383 665 422 717 37,
435 651 458 701 6.
734 650 824 713 fidem,
838 649 877 714 36,
893 662 914 715 5.

235 737 345 797 tibicen,
359 735 391 785 cf.
404 736 500 792 tibiam,
513 748 553 795 41,
565 749 589 798 9.
735 733 855 798 corripit,
870 733 909 797 36,
924 746 946 783 2.

235 820 368 885 exportes,
382 820 488 868 liberati.
735 817 831 881 agunt,
845 829 884 880 37,
899 830 921 863 2.

452 1014 500 1073 43.
540 1000 654 1070 crught
672 1000 714 1072 by
732 999 783 1055 the
801 998 881 1055 Tide.

213 1146 371 1218 Comitius,
403 1148 566 1205 Icenorum
598 1151 659 1217 rex,
690 1145 780 1221 longe
810 1141 976 1220 sapientior
1004 1152 1070 1201 erat
1098 1141 1166 1200 aliis

170 1246 303 1323 regibus
362 1245 465 1304 Hirius
500 1244 573 1304 olim
609 1251 685 1320 opes
714 1254 744 1303 et
774 1243 987 1302 auctoritetem
1019 1252 1098 1301 imus
1127 1260 1167 1301 ex

171 1344 419 1405 adsentatoribus
447 1344 508 1404 hoc
537 1345 629 1404 modo
653 1344 808 1402 laudobat.
862 1342 1034 1413 “Nonne”
1057 1341 1165 1417 inquit,

173 1453 254 1505 “rex
268 1453 387 1522 migne,
404 1454 435 1505 et
449 1463 531 1504 mare
546 1452 665 1504 vestum
682 1453 713 1503 et
727 1443 842 1502 celeres
856 1451 940 1502 venti
955 1453 1008 1502 tua
1021 1441 1167 1501 mandeta

172 1545 370 1623 peragunt?’'
420 1546 489 1603 Rex
511 1543 587 1602 nihil
609 1543 768 1620 respondit
789 1542 843 1603 sed
866 1550 988 1619 postero
1010 1542 1060 1601 die
1082 1542 1167 1601 iussu

172 1645 238 1705 eius
260 1653 339 1704 servi
361 1644 401 1703 ad
422 1644 493 1703 litus
515 1643 700 1703 maritimum
720 1643 830 1702 solium
845 1642 1009 1702 dedocunt.
1055 1644 1092 1700 In
1106 1642 1167 1701 hoc

173 1745 399 1805 adsentitorem
414 1743 495 1803 locat
509 1752 540 1803 et
554 1743 620 1820 ipse
636 1743 667 1801 in
684 1752 758 1819 rupe
773 1751 834 1802 stat
847 1750 1030 1819 propinque.
1076 1743 1167 1800 Forte

173 1855 275 1905 aestus
290 1863 328 1904 ex
343 1844 404 1903 alto
420 1851 453 1903 se
468 1843 625 1902 incitebat.
670 1844 751 1901 Tum
768 1850 828 1914 rex,
848 1849 865 1876 “
876 1841 1041 1914 Recurre,''
1058 1840 1165 1917 inquit,

174 1952 284 2005 “mare
300 1943 483 2021 superbum3
507 1950 610 2003 nonne
625 1952 761 2002 timeus
779 1961 885 2002 servus
900 1945 955 2002 es?
1000 1943 1062 2001 Cur
1076 1941 1168 2018 igitur

172 2054 217 2104 tui
238 2044 347 2103 floctirs
370 2044 502 2103 audeces
524 2062 625 2102 meum
647 2043 757 2101 solium
778 2042 820 2101 ita
834 2042 997 2102 violant?''
1044 2042 1168 2101 Flucttis

173 2155 275 2205 tamen
291 2144 374 2203 surdi
386 2143 531 2202 mandrita
541 2142 626 2220 regia
641 2150 704 2202 non
721 2142 887 2201 audiebant
901 2142 957 2202 sed
972 2149 1005 2201 se
1020 2142 1052 2199 in
1067 2141 1168 2218 ipsum

173 2244 282 2303 solium
300 2244 439 2303 inlidunt.
484 2244 565 2301 Tum
585 2249 647 2315 rex,
666 2244 796 2302 “Nemo
818 2240 877 2301 nisi
900 2243 986 2301 Deus
1008 2240 1169 2318 imperium

174 2343 267 2402 maris
282 2344 395 2402 tenet.’'

240 2478 268 2528 et
287 2513 294 2525 .
315 2513 322 2526 .
344 2512 350 2526 .
369 2476 407 2540 et,
421 2489 460 2540 39,
474 2488 499 2536 7;
517 2474 540 2532 8,
555 2487 577 2539 5.
740 2476 847 2539 postero
858 2474 912 2540 die,
920 2475 1052 2537 postridie,
1065 2487 1104 2539 37,
1120 2488 1141 2522 1.

241 2560 379 2624 mantilia,
388 2558 422 2607 cf.
430 2560 572 2615 mandevit,
581 2556 621 2622 36,
629 2571 653 2618 4.
739 2557 847 2622 solium,
861 2571 900 2622 30,
914 2571 935 2605 2.

241 2643 383 2707 peragunt,
397 2640 436 2699 26,
448 2640 471 2690 8.
740 2641 901 2706 propinque,
913 2646 1005 2699 vicina,
1018 2655 1058 2706 37,
1072 2656 1094 2689 κ.

403 2840 451 2894 44.
491 2823 576 2879 Rollo
595 2823 652 2879 and
670 2823 721 2879 the
740 2822 810 2878 Two
830 2822 940 2878 Sticho.
1040 2855 1042 2860 >

217 2968 311 3045 Apud
333 2969 469 3027 Graecos
492 2974 655 3044 scriptores
677 2967 737 3027 hoc
759 2966 933 3026 invenimus
961 2966 1000 3025 de
1030 2966 1170 3040 Rollone,

176 3088 252 3129 cane
275 3067 481 3127 callidissimo.
528 3067 686 3144 Magister,
707 3066 779 3124 dum
802 3066 868 3142 ipse
892 3066 1035 3139 ambulat,
1052 3086 1174 3143 semper

176 3177 245 3228 cani
261 3167 364 3227 comiti
380 3166 549 3244 scipionem
565 3186 653 3225 suum
669 3175 809 3225 auritum
821 3166 1038 3226 committebat.
1077 3168 1173 3226 Hunc

178 3269 268 3328 Rollo
304 3268 438 3344 superbo
468 3274 521 3326 ore
550 3285 605 3343 per
633 3274 719 3326 vicos
754 3267 889 3343 gerebat.
949 3251 1039 3326 Forte
1068 3275 1174 3326 tamen

177 3366 321 3444 magister
350 3374 404 3443 pro
434 3366 572 3443 scipione
601 3373 709 3424 auroto
737 3366 882 3424 baculum
915 3366 1006 3425 sumit
1038 3366 1174 3443 ligneum

178 3466 273 3526 altero
288 3465 415 3541 turpius.
462 3466 534 3525 Hoc
550 3472 633 3525 more
648 3472 706 3524 suo
721 3473 790 3523 cani
808 3465 978 3524 committit
1025 3468 1066 3524 At
1082 3466 1175 3525 Rollo
