2692 3959
564 293 802 344 ANECDOTES.
1122 335 1127 358 ,
1150 291 1182 347 21

186 469 305 523 catenis
327 463 469 521 iuvenem
492 462 586 521 vincit
612 464 787 539 superbum.
834 465 907 521 Post
933 473 1062 522 mortem
1087 464 1183 540 patris

187 563 306 622 iuvenis
337 564 502 634 Henricus‚
533 562 593 620 iam
623 569 684 634 rex,
716 562 810 621 indici
838 562 975 638 praemia
1003 563 1098 640 digna
1130 563 1184 622 dat

102 728 105 734 ,
186 664 342 740 habetque
358 663 388 720 in
405 670 573 721 amicorum
588 670 724 721 numero.

252 811 371 878 riarum,
384 811 417 860 ef·
430 813 544 875 impari,
558 825 580 876 3,
596 826 616 859 1·
777 813 908 877 postulat,
921 826 944 873 4.
957 826 980 874 7·

191 913 199 924 ‘
253 893 402 960 ffirti,4‚4;
421 894 658 959 cf.frirem,12,10.
777 895 880 961 delicti,
894 897 1042 960 malisactr‘,
1057 910 1079 959 9,
1093 909 1115 958 7.

459 1077 505 1132 16.
544 1077 646 1133 Alfred
664 1079 721 1133 and
739 1080 790 1134 the
808 1079 910 1134 cares.

228 1221 392 1293 AlureduS,
405 1229 457 1281 rex
470 1221 695 1294 Britannorum,
708 1241 777 1280 cum
792 1224 890 1281 Dinis
906 1240 999 1298 saepe
1014 1223 1181 1298 pognabat.

188 1325 322 1380 Primum
339 1323 422 1381 Dani
437 1321 542 1399 copias
557 1322 657 1399 regias
672 1321 847 1394 vincebant,
861 1331 892 1380 et
914 1329 966 1381 rex
981 1322 1068 1381 exsul
1083 1321 1184 1409 hospi·

186 1422 263 1480 tium
279 1422 317 1481 ab
333 1422 442 1480 incolis
457 1441 570 1498 parvae
586 1440 678 1479 casae
694 1421 780 1498 petit.
826 1421 1084 1505 Incolaefigr'rrae
1102 1420 1183 1498 regis

187 1521 407 1620 insciirhospiti
422 1529 531 1580 cenam
547 1522 689 1598 exiguam
700 1509 878 1597 ¹lectumque
894 1521 1003 1580 dorum
1023 1521 1182 1597 praebent.

189 1621 340 1681 Postridie
353 1622 393 1681 ad
408 1622 544 1681 laborem
556 1631 697 1699 pergunt.
729 1621 874 1699 Agricola
884 1628 958 1680 oves
969 1621 1070 1698 pascit
1082 1646 1088 1692 3
1109 1640 1184 1679 uxor

187 1722 279 1780 verrit
301 1722 416 1793 aedes,
446 1729 498 1780 rex
520 1731 622 1799 ignem
645 1722 783 1780 incendit
809 1730 965 1798 torretque
992 1721 1063 1780 liba.
1109 1722 1184 1779 Mox

187 1830 290 1880 tamen
306 1821 389 1897 quod
405 1821 559 1880 Aluredns
579 1822 683 1881 multis
706 1831 786 1880 cirris
808 1821 918 1880 anxius
941 1821 1078 1880 laborem
1100 1838 1184 1896 prae·

187 1920 336 1993 termittit,
359 1901 500 1979 flammae
524 1921 655 1980 aderunt
678 1922 749 1980 liba.
795 1924 837 1980 At
860 1940 934 1979 uxor
956 1920 1109 1997 agricolae
1131 1919 1184 1978 ubi

112 2037 118 2044 ·
186 2023 303 2080 factum
332 2021 416 2080 videt
445 2030 489 2080 ira
517 2015 609 2097 plena
638 2021 794 2098 hospitem
823 2021 942 2099 pigrum
975 2021 1123 2097 increpat,
1153 2030 1184 2079 et

188 2122 294 2181 dextra
309 2127 399 2181 aures
414 2121 514 2199 regias
530 2122 680 2181 verberat.
726 2122 788 2181 Sed
808 2129 860 2181 rex
880 2139 1011 2198 poenam
1031 2120 1185 2197 patienter

187 2222 307 2281 tolerat.

255 2329 335 2395 petit,
351 2344 389 2392 14,
404 2343 425 2395 5.
777 2332 858 2397 cirris,
875 2346 911 2388 ιο,
926 2345 948 2378 2.

255 2413 369 2478 hospiti,
382 2413 451 2462 from
464 2416 558 2477 hospes.
777 2414 983 2479 praetermittit,
999 2427 1036 2478 13,
1049 2427 1072 2476 9.

254 2496 391 2562 exiguam,
405 2504 527 2559 parvam.
777 2499 904 2562 adstruat,
918 2498 1064 2546 incendunt.

253 2580 343 2645 aedes,
359 2594 397 2638 11,
410 2579 433 2629 6.
658 2605 661 2608 ·
778 2581 866 2644 regiis
878 2602 911 2622 =
922 2581 1002 2644 regis.
1068 2647 1071 2652 ,

475 2774 520 2834 17.
561 2762 610 2818 Sir
627 2762 742 2818 Walter
760 2762 895 2833 Raleigh.

231 2904 417 2978 Elisabetha‚
441 2912 547 2983 regina
574 2905 789 2978 Brittanorum
817 2885 919 2965 restes
946 2903 1127 2982 splendidas
1153 2912 1184 2961 et

187 3003 339 3080 pretiosas
369 3024 490 3082 semper
517 3007 653 3082 gerebat.
700 3008 792 3066 Forte
821 3015 933 3083 magna
962 3024 1031 3064 cum
1061 3010 1185 3063 caterva

188 3103 333 3163 comitum
348 3124 403 3182 per
417 3113 502 3164 vicos
523 3106 607 3166 urbis
630 3106 817 3165 ambulabat,
864 3106 972 3165 Subito
995 3115 1065 3163 ante
1087 3103 1184 3180 pedes

188 3204 316 3262 multum
340 3205 426 3264 videt
454 3206 560 3264 lutum.
606 3209 727 3284 Regina
756 3217 817 3266 stat
847 3206 963 3265 incerta
992 3205 1075 3282 qnod
1104 3203 1184 3261 viam

187 3303 335 3363 Inbricam
364 3305 461 3364 timet.
506 3308 548 3364 At
577 3325 615 3364 ex
644 3307 734 3366 turba
763 3307 865 3365 exsilit
893 3304 1034 3377 invenis;
1072 3312 1184 3362 umeris

187 3423 301 3463 novum
317 3405 443 3481 pallium
466 3405 600 3464 detrahit
622 3415 652 3465 et
675 3407 777 3466 locum
799 3407 875 3483 tegit
890 3412 1095 3476 vestiment63
1119 3414 1184 3463 tum

187 3503 297 3564 iterum
318 3505 358 3564 ad
378 3505 480 3564 socios
502 3505 637 3565 recurrit.
684 3509 780 3565 Laeta
806 3514 911 3584 regina
937 3524 1030 3583 super
1058 3503 1185 3582 pallium
