2692 3959
534 273 694 330 ANECDO
700 275 774 329 TES.

493 508 541 568 59.
581 497 608 551 A
628 497 813 566 Scape-Goat.
871 455 875 461 ·

195 620 312 712 Volpes
337 622 453 696 sitifens,
482 643 560 699 quae
587 624 754 683 dasiluerat
783 624 815 682 in
845 634 985 732 puteum>
997 625 1080 708 haud
1109 626 1152 685 ita

153 723 249 783 altum
264 724 320 783 sed
335 723 483 783 lateribus
498 733 670 802 praeruptis
686 734 850 802 postquam
865 744 987 784 omnem
1002 725 1152 784 ratianem

152 823 244 902 fugae
266 825 380 883 frustra
401 832 582 896 tentaverat,
603 825 641 890 ab
664 834 748 884 omni
771 832 825 902 spa
848 825 964 884 reditus
986 825 1152 884 interclusa

153 932 209 983 est.
255 925 331 982 Mox
346 932 451 983 tamen
466 924 566 1002 caper,
585 934 637 1002 qui
656 913 768 1002 aquam
789 926 923 1002 petabat,
941 926 1024 1002 quod
1040 926 1152 985 fervidi

153 1024 228 1084 salis
250 1024 329 1086 radii
355 1033 445 1103 agras
473 1026 609 1098 [trabant
638 1024 679 1084 ad
704 1026 839 1084 eundem
865 1034 990 1102 puteum
1016 1025 1158 1085 advenit.

155 1131 173 1157 “
184 1125 304 1198 Salva,'’
322 1124 429 1201 inquit,
449 1132 466 1159 “
477 1125 664 1198 dulcissima,
682 1133 785 1185 naune
805 1145 886 1202 aqua
900 1126 961 1184 ista
975 1124 1088 1202 frigida
1103 1135 1152 1185 est

153 1234 183 1283 et
198 1224 353 1284 iucunda?
366 1226 382 1252 '’
422 1228 492 1285 “At
508 1244 676 1302 numquam
692 1225 904 1284 iucundiarem
916 1225 1011 1298 bibi‚”
1028 1244 1151 1302 respou—

67 1330 70 1335 '
153 1325 198 1383 dit
218 1325 333 1401 volptas,
353 1325 470 1384 “desili
493 1325 585 1402 igitur
607 1344 700 1402 quam
723 1325 888 1399 celerrime,
906 1344 963 1402 ego
986 1325 1068 1384 enim
1090 1325 1151 1383 iam

152 1424 206 1483 diu
227 1432 321 1502 parca
346 1444 454 1502 aquae,
478 1426 562 1506 quod
585 1432 616 1485 ta
640 1427 818 1502 exspect6.’'
865 1427 937 1485 Hac
962 1425 1014 1484 ubi
1035 1425 1152 1485 audivit

136 1525 280 1583 stultum
303 1524 425 1597 animal,
449 1525 481 1582 in
504 1536 631 1602 puteum
658 1525 790 1584 desiluit.
840 1528 883 1585 At
907 1526 1014 1602 volpes
1040 1525 1151 1584 callida

152 1624 184 1682 in
207 1643 321 1684 cornua
343 1634 432 1684 amici
455 1625 604 1702 prasiluit
622 1633 752 1702 quarum
774 1634 868 1702 opera
890 1632 958 1685 sasa
981 1626 1021 1683 ad
1039 1634 1151 1684 terram

152 1724 332 1785 sublevavit.
371 1726 450 1784 Inde
463 1725 566 1785 miseri
582 1735 672 1785 amici
688 1726 848 1785 immemor
859 1727 984 1785 domum
996 1725 1150 1786 discessit.

252 1841 361 1906 sitiam,
374 1842 407 1891 cf.
419 1844 483 1900 sitis,
498 1855 536 1907 54,
552 1856 589 1890 12.
612 1859 617 1864 ·
745 1842 858 1906 reditas,
873 1856 911 1908 52,
924 1856 948 1904 7.

252 1924 407 1990 dasiluerat,
423 1939 460 1989 13,
474 1939 497 1988 9.
743 1927 867 1991 arabant,
883 1939 921 1991 54,
936 1917 974 1973 iz.

251 2008 417 2073 praeruptis,
432 2008 471 2065 26,
486 2022 507 2055 1.
744 2009 853 2074 callida,
868 2008 907 2074 58,
919 2022 942 2070 7.

510 2189 559 2245 60.
599 2190 794 2261 Ingratitude.

194 2332 288 2409 Apud
314 2340 457 2409 antiquas
484 2341 649 2410 scriptdras
675 2334 770 2392 multa
795 2334 925 2411 legimus
952 2324 991 2392 da
1018 2334 1151 2409 quadam

151 2433 263 2509 equite,
288 2442 341 2510 qui
367 2432 542 2510 Philippum
571 2433 624 2513 (da
651 2442 713 2510 qua
740 2443 832 2511 supra
858 2433 1149 2513 damanstravimus)

152 2533 388 2592 mansuetudine
419 2534 634 2609 exsuperabat.
689 2536 772 2592 Huic
802 2534 892 2604 enim,
924 2534 998 2593 dum
1028 2533 1151 2592 saucius

150 2632 236 2690 humi
252 2633 341 2705 iacet,
359 2651 471 2710 aquam
487 2634 583 2693 multi>
600 2634 706 2693 labare
722 2643 937 2711 apportaverat
953 2643 1079 2693 amicus
1118 2636 1151 2691 Is

47 2795 50 2801 ,
151 2745 255 2794 autem
280 2746 394 2813 insigni
418 2737 606 2796 abstinentia
635 2756 747 2813 aquam
777 2746 830 2796 imi
858 2756 896 2795 ex
924 2737 1075 2809 hostibuS‚
1099 2746 1152 2813 qui

150 2836 235 2895 iaxta
250 2835 380 2909 iaciebat,
394 2829 544 2914 integram
560 2837 720 2914 praebuit..
750 2840 791 2896 At
806 2837 941 2914 perfidus
957 2835 1064 2910 hostis,
1078 2837 1151 2895 dum

151 2936 267 2995 danum
290 2936 411 3013 accipit,
436 2938 533 2996 cultra
556 2955 681 2995 manum
707 2956 785 3013 quae
811 2937 955 3014 piaculum
976 2936 1152 3014 porrigabat

150 3036 341 3095 vulneravit..
375 3038 455 3094 Tum
478 3055 573 3114 eques
596 3037 716 3115 ingrati)
738 3038 795 3096 viri
817 3037 920 3096 animi>
943 3045 1047 3108 iratus,
1070 3045 1151 3113 post-

151 3154 244 3212 quam
267 3155 336 3194 eum
359 3137 480 3196 modica
503 3138 688 3214 culpaverat,
709 3147 827 3215 partem
852 3156 950 3214 aquae
974 3137 1041 3213 ipse
1063 3135 1148 3210 bibit,

149 3244 270 3313 partem
292 3245 396 3295 tamen
420 3237 502 3296 hosti
524 3237 633 3296 iterum
656 3238 751 3297 dedit.

251 3353 468 3417 mansuetidine,
484 3366 522 3418 54,
537 3368 558 3417 3.
744 3354 889 3419 integram,
903 3359 987 3402 ratam.

251 3435 368 3501 saucius,
381 3436 536 3485 volneratus.
744 3437 840 3500 cultra,
855 3450 893 3497 27,
905 3435 929 3484 8.

250 3519 364 3585 insigni,
377 3520 503 3568 mirabili.
743 3525 823 3590 bibit,
839 3524 877 3589 58,
891 3537 911 3585 7.
