2692 3959
572 254 811 304 ANECDOTES.
1157 257 1190 307 93

192 423 235 479 At
263 421 400 480 Glaucus
430 422 469 481 ad
499 421 664 481 clamorem
693 440 860 480 conversus
890 431 1016 481 nautam
1045 423 1191 500 cognovit

192 519 343 594 claudum,
369 540 460 597 quem
487 540 599 580 caecus
624 520 676 578 ille
701 529 814 579 umeris
840 522 992 597 portabat.
1039 524 1082 579 Hi
1108 523 1188 580 enim

194 621 233 679 de
254 619 391 678 consiliis
415 619 567 677 latronum
591 619 737 678 certiores
760 620 836 677 facti
858 628 996 696 ternpore
1016 626 1190 695 opportuno

194 719 334 778 subsidio
349 726 507 777 venerunt.

261 870 356 933 altero,
369 874 428 917 ano.
736 868 860 932 alterius,
873 873 959 916 nnius.

260 954 314 1018 his,
327 953 367 1000 his
379 953 459 1000 ribus.
736 952 889 1016 momordit,
900 951 971 1000 from
983 952 1089 1000 mordeo⁸

420 1181 484 1222 110.
525 1168 586 1223 The
604 1168 714 1223 Attack
732 1181 769 1223 on
788 1169 839 1224 the
856 1168 962 1224 Castle.

238 1297 403 1372 Spartacus
413 1295 495 1369 olim,
506 1305 651 1373 princeps
661 1305 766 1355 earum
778 1297 915 1374 gentium
925 1316 1004 1373 quae
1014 1306 1099 1357 trans
1110 1298 1190 1357 Rhe-

194 1414 268 1453 num
288 1395 478 1467 habitabant,
495 1404 639 1473 magnam
662 1396 766 1455 turrim
790 1397 874 1456 haud
895 1397 1001 1473 procul
1024 1405 1042 1456 a
1064 1396 1189 1456 flumine

194 1495 419 1555 aedificaverat.
465 1496 543 1555 Inde
562 1515 630 1555 cum
649 1505 713 1555 suis
733 1497 881 1556 militibus
901 1496 1046 1574 plurimis
1064 1498 1190 1557 incursi·

195 1602 271 1656 ones
287 1595 318 1653 in
334 1603 424 1672 agros
438 1595 588 1655 finitimos
602 1596 707 1655 tacere
723 1596 832 1656 solitus
849 1606 903 1669 est,
922 1607 955 1656 ut
970 1606 1033 1675 igni
1046 1599 1189 1675 ferroque

194 1695 298 1754 omnia
312 1704 455 1755 vastaret.
500 1695 602 1769 Quam
617 1697 657 1755 ob
673 1715 737 1755 rem
749 1705 893 1773 magnum
905 1697 1009 1756 odium
1022 1696 1189 1756 incolarum

194 1796 278 1855 urbis
292 1795 444 1854 finitimae
459 1803 645 1872 susceperat.
692 1797 736 1854 Hi
756 1795 856 1873 igitur,
873 1816 942 1855 cum
962 1796 1088 1856 iniuriis
1108 1798 1189 1858 illius

194 1904 257 1955 non
273 1896 387 1955 diutius
404 1896 533 1956 tolerare
554 1906 691 1972 possent,
709 1896 842 1956 universi
863 1897 894 1955 in
917 1904 1019 1956 moros
1041 1897 1188 1973 impeturn

193 1997 342 2055 fecerunt.
374 1996 436 2055 Dio
448 2006 478 2055 et
490 1995 601 2055 acriter
612 2005 780 2073 pugnaturn
793 2006 848 2055 est.
883 1996 1023 2056 Tandem
1035 2006 1187 2075 princeps,

195 2096 278 2173 quod
300 2104 473 2155 commeatu
496 2080 622 2155 omnino
647 2096 831 2155 interclusus
854 2106 909 2169 est,
933 2098 1050 2174 legatos
1073 2098 1112 2157 ad
1134 2107 1189 2158 eos

194 2196 232 2254 de
251 2196 406 2255 deditione
429 2196 519 2255 misit.
565 2197 645 2255 Cum
666 2207 770 2255 tamen
788 2203 871 2255 cives
894 2205 963 2256 irati
985 2206 1092 2274 pacem
1115 2197 1187 2256 dare

193 2296 308 2356 vellent
330 2305 366 2355 ea
388 2296 480 2354 modo
503 2296 694 2370 condicione,
721 2305 754 2355 ut
776 2296 842 2372 ipse
863 2296 901 2355 ad
925 2297 1108 2373 supplicium
1131 2307 1188 2357 trai-

194 2395 323 2467 deretur‚
341 2404 442 2472 ignem
464 2405 539 2453 turri
561 2395 724 2455 admovere
746 2395 907 2455 constituit
927 2406 959 2455 et
981 2404 1048 2455 sese
1071 2416 1187 2474 suaque

193 2495 297 2554 omnia
318 2495 463 2554 incendio
485 2503 674 2554 consumere.

320 2741 383 2781 111.
424 2727 485 2782 me
503 2727 612 2782 Attack
630 2740 667 2782 on
687 2728 738 2783 the
756 2727 1062 2783 casile—continual.
1108 2767 1110 2771 -

235 2853 327 2926 Quod
344 2853 396 2912 ubi
411 2853 556 2931 cognovit
573 2873 648 2912 uxor
667 2854 815 2930 Spartaci,
832 2853 947 2913 femina
966 2873 1102 2914 summae
1117 2862 1187 2914 con-

193 2953 333 3025 stantiae,
358 2954 424 3012 sola
445 2953 558 3012 vallum
581 2954 749 3012 ascendere
776 2973 852 3012 ausa
878 2963 924 3013 est
950 2973 1018 3012 cum
1044 2955 1186 3014 hostibus

192 3053 399 3128 conloquendi
422 3062 524 3112 causa.
571 3053 733 3126 “Nolite'’
756 3053 864 3130 inquit,
888 3061 906 3087 “
916 3062 1007 3126 cives,
1029 3055 1187 3114 victoriam

193 3171 284 3229 quam
299 3153 510 3228 reportavistis
526 3152 613 3211 clade
628 3153 763 3212 feminae
779 3153 942 3212 defamare.
984 3154 1063 3212 Mihi
1079 3154 1187 3213 saltem

191 3251 282 3311 liceat
298 3259 315 3310 ὁ
330 3262 404 3311 turri
425 3253 583 3312 discedere
604 3272 673 3311 cum
694 3261 732 3312 eo
752 3253 852 3326 modo,
870 3254 953 3329 quod
976 3263 1052 3313 meis
1075 3264 1187 3314 umeris

191 3361 313 3429 portare
328 3352 475 3428 possim.'’
513 3352 591 3411 Inde
607 3359 699 3424 cives,
713 3353 796 3429 quod
812 3354 850 3412 ab
863 3353 914 3412 illa
926 3354 1021 3411 multa
1036 3354 1187 3412 beneficia

191 3436 382 3536 acceperant,
403 3452 434 3511 id
455 3452 538 3537 quod
561 3452 649 3537 petiit
672 3452 803 3519 libenter
825 3460 1052 3521 concesserunt.
1083 3456 1187 3524 'Brevi
