2692 3959
547 279 787 354 nationum.

429 500 477 573 98.
505 504 578 559 How
596 510 628 560 to
647 505 716 573 pick
734 505 902 560 Ooooanuts.

209 632 278 690 Tau
292 631 430 708 periculo
446 629 488 690 ita
503 631 649 690 liberatus
662 631 759 691 Sinon
772 632 845 691 dum
861 651 916 708 per
930 631 1037 692 silvam
1053 632 1166 709 pedem

167 733 271 804 refert,
293 730 515 790 mercatoribus
538 731 669 791 occurrit
693 732 902 807 compluribus
928 741 981 809 qui
1007 732 1047 791 ad
1071 740 1166 792 nuces

167 832 340 909 carpendas
356 832 451 891 ibant.
494 833 572 891 Cum
589 832 638 891 his
653 839 687 891 se
703 832 828 909 iungere
844 832 1013 892 constituit.
1052 834 1164 905 Nuces
1193 821 1197 826 ’

168 951 248 1009 quae
272 941 400 991 summis
424 921 516 990 modo
542 939 634 990 ramis
660 932 847 1009 dependent,
873 939 1059 991 mercatores
1082 933 1165 992 haud

167 1032 258 1092 facile
282 1042 421 1108 carpunt,
447 1031 531 1108 quod
556 1031 632 1090 levis
658 1031 777 1091 arboris
801 1043 927 1091 truncus
951 1033 1080 1091 ascendi
1102 1040 1165 1092 non

168 1141 280 1210 potest.
327 1133 423 1190 Hunc
445 1141 549 1190 tamen
565 1132 690 1190 modum
711 1132 903 1192 invenerunt.
949 1132 1069 1204 Simias,
1086 1152 1165 1209 quae

168 1232 316 1310 plurimae
332 1231 425 1291 silvas
446 1232 561 1304 colunt,
583 1241 664 1291 saxis
680 1240 810 1292 vexant:
838 1252 930 1309 quam
950 1233 991 1291 ob
1011 1251 1074 1291 rem
1095 1233 1165 1292 illae

169 1341 263 1392 iratae
279 1339 373 1391 nuces
390 1333 429 1391 ab
445 1331 607 1392 arboribus
620 1332 756 1409 direptas
771 1332 803 1390 in
819 1340 1004 1392 mercatores
1020 1331 1164 1393 deiciunt.

171 1433 266 1492 Sinon
283 1431 414 1492 nucibus
429 1432 533 1492 multis
549 1441 666 1510 potitus
682 1440 868 1492 mercatores
884 1432 988 1492 simiis
1009 1432 1075 1509 ipse
1097 1452 1166 1510 cap

169 1541 233 1591 tare
260 1532 373 1591 docuit.
424 1535 515 1592 Iirssii
534 1532 600 1591 eius
622 1541 698 1591 vasa
718 1532 869 1608 quaedam
895 1552 994 1610 aquae
1014 1533 1106 1609 plena
1127 1524 1172 1593 ad‘

169 1641 246 1691 imas
268 1633 393 1692 arbores
416 1633 626 1703 admoverunt,
644 1631 757 1709 quibus
780 1632 811 1690 in
833 1641 916 1692 vaisis
938 1642 1047 1692 maniis
1069 1633 1166 1693 multo

169 1752 238 1790 cum
253 1732 374 1811 fragore
389 1733 543 1793 lavabant.
589 1733 667 1791 Inde
682 1741 757 1792 vasa
772 1733 880 1792 eadem
896 1732 983 1809 nigra
998 1732 1067 1810 pice
1087 1752 1167 1792 com·

170 1833 330 1909 pleverunt
346 1832 615 1910 discesseruntque
632 1840 648 1892 e
664 1833 741 1892 loco.
788 1832 900 1892 Simiae
912 1840 1013 1892 autem
1025 1833 1166 1893 homines

169 1951 207 1991 ex
219 1932 442 1992 consuetudine
455 1933 600 2004 imitatae,
615 1932 668 1993 ubi
684 1942 793 1992 mamis
809 1932 841 1991 in
853 1941 929 1993 vasa
943 1932 1164 2009 imposuerunt,

168 2032 237 2113 pice
253 2041 391 2093 retentae
406 2033 497 2092 facile
513 2041 686 2110 captantur.

202 2166 325 2232 occurrit,
339 2166 434 2214 obviam
449 2167 476 2224 it,
489 2178 529 2228 77,
543 2141 573 2229 3..
656 2167 734 2231 visa,
748 2180 787 2228 49,
801 2179 823 2230 3.

202 2251 360 2314 carpendis,
373 2248 413 2313 96,
426 2263 449 2313 3.
656 2250 727 2300 imis
739 2250 857 2313 arboris,
869 2249 902 2298 cf.
915 2254 971 2298 ima
981 2250 1056 2307 valle,
1068 2264 1108 2314 94,
1116 2249 1140 2299 8.

202 2334 333 2399 direptis,
347 2338 455 2396 carpta's.
530 2376 533 2380 .
660 2332 855 2398 lavabant,83,
870 2346 907 2382 10.

389 2512 437 2569 99.
465 2498 527 2555 The
545 2459 718 2568 Elephants’
740 2499 945 2568 Burial-plaee.

212 2625 309 2685 Haud
323 2625 452 2685 muitum
473 2627 512 2685 ab
533 2634 571 2686 eo
592 2627 660 2686 loco
683 2635 813 2702 magnus
834 2645 908 2703 grex
930 2626 1166 2704 elephantorum

169 2735 283 2786 teneris
298 2726 461 2786 frondibus
479 2728 671 2804 pascebatur.
718 2727 790 2800 Quo
812 2735 879 2785 visu
899 2727 1052 2804 perterriti
1072 2734 1166 2787 ceteri

168 2826 200 2884 in
220 2828 325 2904 fugam
346 2834 379 2886 se
403 2827 564 2899 dederunt,
583 2827 680 2886 Sinon
704 2835 807 2885 tamen
831 2836 903 2885 arcii
927 2835 1062 2887 armatus
1086 2837 1167 2904 post-

169 2946 261 3004 quam
277 2927 308 2984 in
325 2928 465 2988 arborem
483 2928 674 3001 ascenderat,
693 2927 843 2986 celeribus
865 2927 985 3003 sagittis
1000 2927 1166 2986 maximum

169 3046 207 3086 ex
222 3027 395 3103 elephantis
413 3027 574 3087 interiecit.
620 3014 886 3086 Iimercatoribus
906 3026 1006 3104 igitur,
1023 3037 1075 3103 qui
1091 3029 1167 3088 ebur
1215 3053 1218 3058 ·

169 3127 291 3186 maximi
316 3127 489 3200 aestimant,
516 3128 606 3186 donis
629 3136 775 3186 oneratus
799 3135 855 3187 est.
902 3127 980 3186 Inde
994 3127 1100 3200 Sinon,
1117 3138 1167 3187 cui

169 3227 294 3287 divitiae
318 3228 453 3287 animum
477 3228 669 3300 addiderunt,
687 3227 842 3303 quandam
865 3226 897 3284 in
920 3228 1069 3300 arborem,
1087 3248 1166 3304 quae

168 3327 253 3387 iiurtai
281 3347 409 3405 parvum
438 3329 538 3387 lacum
564 3327 732 3399 crescebat,
761 3326 940 3404 saepissime
967 3328 1165 3387 ascendebat.

169 3427 241 3501 Quo
253 3429 384 3488 consilii>
396 3429 568 3506 complures
581 3427 736 3487 interiecit
745 3427 938 3504 elephantos,
949 3435 1027 3504 quos
1038 3427 1167 3487 bibendi

168 3536 263 3587 causa
278 3547 348 3587 eum
364 3529 465 3589 locum
488 3529 573 3588 adire
589 3528 761 3605 oportebat.
805 3527 912 3587 Tertio
934 3537 1037 3585 tamen
1060 3535 1167 3587 mense
