2692 3959
188 296 236 347 106
520 295 596 344 THE
619 294 775 344 ARGONA
781 294 810 344 U
811 294 858 343 TS.

187 466 345 526 mulierem
375 466 538 538 desereret,
570 482 649 540 quae
679 474 708 523 ei
737 473 856 524 tantum
886 459 1061 539 profuisset.
1117 459 1182 536 Ille,

187 567 271 642 quod
297 566 442 626 memorie
470 566 597 625 tenebat
622 570 655 624 se
685 583 740 641 per
765 564 831 623 eius
858 563 1004 622 auxilium
1030 570 1047 622 e
1073 571 1184 640 megne

186 667 323 743 perieulr‘)
335 665 477 739 evaisisse,
490 664 622 725 libenter
633 684 701 724 eam
711 664 833 741 excepit
843 672 874 723 et
884 673 1049 740 postquam
1059 683 1184 723 causam

187 767 331 826 veniendi
343 766 468 838 audivit,
482 765 620 824 hortetus
631 773 678 824 est
693 771 732 823 ne
747 763 843 841 patris
859 773 934 822 iram
949 764 1078 824 timeret.
1113 765 1184 823 Pro

186 867 269 926 misit
284 876 385 926 autem
401 872 435 925 se
447 884 539 941 quam
554 873 686 941 primum
702 882 769 923 eam
785 864 817 922 in
833 872 911 923 nive
928 872 984 923 sue
995 871 1181 925 evecturum.

415 1087 478 1144 129.
519 1074 580 1128 The
593 1072 710 1128 Seizure
728 1073 759 1128 of
777 1073 828 1129 the
846 1072 952 1193 meieoe'

230 1218 381 1277 Postridie
410 1218 476 1276 eius
506 1217 567 1276 diei
599 1218 692 1275 lesen
719 1235 788 1275 cum
815 1216 906 1275 sociis
933 1225 997 1276 suis
1022 1225 1089 1277 orte
1115 1217 1182 1277 lirce

187 1327 295 1378 nivem
320 1317 446 1377 deduxit
471 1327 502 1376 et
527 1325 744 1393 tempestatem
770 1317 914 1376 idoneam
940 1327 1023 1376 nacti
1046 1318 1085 1377 ad
1112 1337 1182 1377 eum

186 1419 287 1477 locum
302 1425 392 1477 remis
408 1418 642 1489 contenderunt,
656 1424 718 1493 que
733 1417 766 1474 in
780 1417 849 1476 locri
865 1417 978 1476 Medea
993 1418 1090 1476 vellus
1106 1420 1183 1478 cele·

186 1530 251 1578 tum
280 1536 349 1579 esse
378 1517 607 1577 demenstravit.
654 1519 699 1576 Eo
728 1535 797 1575 curn
827 1518 993 1591 venissent,
1026 1522 1120 1579 lesen
1150 1519 1182 1577 in

187 1628 298 1678 terram
313 1625 455 1695 egressus
471 1626 558 1676 estet
574 1617 667 1676 sociis
683 1617 723 1675 ad
738 1635 820 1675 mare
835 1618 949 1676 relictis
960 1628 1011 1694 qui
1026 1619 1183 1695 praesidio

186 1727 258 1777 nevi
273 1727 386 1790 esseut,
399 1717 465 1794 ipse
481 1736 550 1776 cum
567 1716 681 1776 Medea
691 1717 722 1774 in
738 1716 831 1776 silves
846 1717 927 1775 viam
943 1718 1033 1795 cepit.
1079 1722 1183 1778 Pauca

187 1819 280 1877 millia
295 1837 442 1895 passuum
458 1837 511 1894 per
527 1818 635 1876 silvam
651 1824 833 1894 pregressus
848 1817 945 1877 vellus
960 1819 1044 1894 quod
1059 1826 1184 1894 quaere·

186 1920 240 1979 bat
262 1937 300 1977 ex
324 1919 432 1977 arbore
457 1925 640 1994 suspensum
663 1917 749 1976 vidit.
800 1918 837 1976 Id
861 1928 965 1977 tamen
990 1919 1109 1977 auferre
1133 1926 1183 1977 res

187 2029 251 2080 erat
277 2036 413 2078 summae
440 2017 646 2077 difficultatis:
678 2024 741 2076 nim
765 2018 857 2077 modo
887 2018 969 2077 enim
999 2018 1086 2077 locus
1115 2018 1182 2095 ipse

187 2119 308 2197 egregie
330 2128 361 2178 et
384 2126 494 2178 neture
516 2127 547 2177 et
568 2127 632 2176 arte
654 2126 791 2177 munitus
805 2127 878 2189 erat,
896 2118 952 2177 sed
973 2118 1066 2177 etiam
1088 2118 1183 2179 drace

187 2219 312 2297 quidam
328 2218 431 2296 speeie
447 2217 575 2278 terribili
591 2218 730 2277 arborem
746 2218 949 2278 custediebat.
995 2221 1037 2277 At
1058 2219 1181 2292 Medea,

188 2339 275 2398 quae,
307 2329 341 2379 ut
378 2328 471 2395 supre
509 2318 797 2390 demonstravimus,
828 2318 999 2377 medicinae
1032 2338 1182 2378 summam

187 2419 346 2479 scientiam
368 2419 485 2491 habuit,
497 2426 614 2477 remum
637 2437 728 2494 quem
750 2436 789 2476 ex
810 2418 917 2477 arbore
947 2418 1084 2494 proxima
1107 2419 1184 2477 deri-

186 2529 295 2597 puerat
320 2526 440 2579 venene
464 2518 579 2578 infecit.
625 2520 697 2577 Hec
720 2518 805 2577 facte
829 2518 870 2576 ad
893 2518 994 2576 locum
1021 2527 1183 2594 appropin-

187 2620 291 2697 quevit
326 2629 357 2678 et
393 2620 568 2694 dracenem,
596 2628 648 2695 qui
688 2618 830 2677 faucibus
867 2627 980 2694 apertis
1016 2619 1182 2678 adventum

187 2720 392 2797 exspectebat,
404 2726 523 2778 venene
544 2718 671 2794 spersit:
704 2718 841 2794 proinde,
862 2718 934 2776 dum
961 2719 1055 2778 draci>
1073 2727 1184 2778 somne

186 2839 353 2897 oppressus
369 2819 489 2891 dormit,
508 2821 601 2877 lesen
617 2818 714 2877 vellus
734 2837 858 2877 aureum
874 2838 911 2877 ex
927 2819 1034 2878 arbore
1050 2819 1184 2895 deripuit

187 2929 303 2979 etcum
319 2920 432 2978 Medea
448 2938 540 2995 quam
555 2918 712 2977 celerrime
727 2918 838 2994 pedem
854 2918 978 2977 rettulit.

481 3141 544 3199 13⁰·
585 3126 664 3182 Beck
682 3133 713 3182 to
731 3127 782 3182 the
800 3125 887 3196 Argo.

230 3273 313 3329 Dum
337 3280 439 3329 tamen
469 3287 507 3328 ea
534 3280 688 3346 geruntur,
717 3272 924 3346 Argonautae,
952 3278 1005 3345 qui
1030 3271 1070 3329 ad
1099 3289 1183 3330 mare

188 3370 287 3429 relicti
302 3379 396 3441 erant,
414 3369 517 3427 anime
535 3370 627 3428 anxio
643 3370 774 3428 reditum
796 3369 918 3428 Iesonis
939 3371 1182 3448 exspectabant:

187 3470 267 3529 bene
283 3469 364 3528 enim
380 3468 599 3545 intellegebant
615 3468 646 3526 id
661 3469 819 3545 negetium
835 3479 945 3528 summi
961 3489 1030 3529 esse
1045 3470 1181 3548 periculi.

190 3571 358 3644 Postquam
374 3568 465 3645 igitur
481 3568 520 3626 ad
540 3576 684 3626 occasum
700 3567 774 3628 selis
789 3569 902 3628 frustra
918 3579 1182 3646 exspectaverant,
