2692 3959
558 295 798 348 ANECDOTES.

428 511 475 587 84·
515 518 611 575 Dumb
629 516 926 574 show-continued.

223 660 390 738 Postquam
406 662 516 721 eadem
530 662 623 745 moda
639 660 797 721 simulatas
817 661 915 738 dapas
938 661 977 721 ab
999 667 1057 721 ὀνό
1077 680 1176 739 usque
1230 732 1242 739 ,

180 764 219 822 ad
240 763 320 822 mala
342 763 574 834 devoravarunt,
599 762 750 821 Admetus
773 762 833 820 iam
859 763 898 821 ab
925 770 1008 820 omni
1033 769 1088 839 spe
1113 762 1177 820 cibi

180 862 327 935 deiectus,
346 869 363 896 ‘⁴
375 862 485 933 Siste,”
502 861 610 938 inquit,
629 863 800 934 “laborem,
818 861 893 921 satis
914 861 996 921 enim
1019 863 1078 934 edi,
1098 863 1177 921 altra

179 981 236 1021 nec
251 981 377 1040 possum
393 981 450 1020 nec
465 962 564 1021 vola.”
610 964 668 1022 Cui
684 961 834 1034 dominus,
852 968 870 995 “
880 964 934 1040 At,
949 971 975 1021 si
991 969 1053 1021 nan
1074 943 1175 1035 edere,

179 1070 261 1122 certa
291 1062 406 1138 aliquid
435 1062 540 1121 bibere
570 1063 690 1137 potes’'
746 1061 851 1135 Simul,
884 1062 1035 1139 “Agite''
1065 1061 1174 1138 inquit,

181 1169 199 1196 ⁴‘
209 1171 297 1235 servi,
315 1163 432 1221 adferte
448 1161 522 1220 mihi
545 1162 620 1220 illud
635 1171 749 1234 vinum,
767 1161 851 1238 quod
872 1162 951 1222 cada
974 1182 1049 1221 avus
1071 1171 1177 1221 noster
1200 1153 1204 1161 ¹

180 1262 313 1321 Plancus
339 1262 507 1321 condidit.''
552 1262 683 1336 Deinde,
711 1271 745 1321 ut
771 1271 869 1336 antea,
897 1273 1061 1340 postquam
1090 1270 1176 1321 visus

180 1372 245 1421 erat
254 1372 358 1421 vinum
370 1363 529 1422 effundere
545 1362 577 1420 in
591 1363 700 1421 fictum
714 1363 869 1440 poculum,
883 1363 914 1421 id
927 1371 1026 1422 amico
1038 1362 1174 1422 tradidit.

181 1464 243 1521 Hic
270 1473 371 1522 autem
397 1470 560 1538 persanam
587 1463 679 1522 etiam
705 1463 814 1523 melius
840 1462 1006 1535 sustinuit3
1043 1471 1176 1540 primum

179 1562 260 1621 enim
291 1564 330 1622 ad
359 1563 458 1622 lacem
486 1563 630 1640 paculum
660 1563 791 1636 sustulit,
819 1563 931 1623 deinde
956 1572 1021 1622 vini
1048 1563 1177 1623 odarem

179 1662 305 1721 naribus
320 1663 463 1739 captavit,
477 1670 632 1739 postrema
647 1665 812 1723 absorbere
824 1673 907 1723 visus
919 1673 974 1746 est.
1007 1665 1177 1740 Postquam

180 1762 303 1839 saepius
314 1771 418 1823 vinum
434 1763 562 1837 biberat,
575 1763 693 1824 abrium
708 1763 864 1838 simulans,
882 1774 969 1824 cnara
985 1774 1015 1823 et
1029 1763 1178 1823 bracchia

179 1861 292 1922 iactare
315 1863 443 1940 incipit3
477 1864 619 1941 danique,
643 1874 800 1942 tamquam
822 1872 905 1937 casa,
930 1874 1022 1942 caput
1043 1864 1177 1940 hospitis
1247 1884 1251 1897 ·

179 1963 276 2023 iocasi
291 1972 353 2023 icta
368 1963 549 2041 gravissima
564 1964 706 2041 pulsavit.
753 1964 831 2023 Inde
843 1961 917 2024 dum
929 1964 980 2024 ille
995 1965 1080 2023 humi
1094 1964 1180 2024 iacet

180 2065 311 2135 sauciuS,
329 2065 379 2122 hic
394 2065 476 2123 foras
492 2071 561 2123 sese
576 2065 695 2142 aripuit.

246 2198 329 2263 mila,
337 2203 423 2260 panta,
437 2212 460 2263 3,
474 2211 496 2263 5.
769 2199 892 2263 sustulit,
904 2198 974 2247 from
986 2200 1052 2247 tollo'.

246 2281 375 2346 daiectus,
389 2294 428 2345 79,
443 2294 464 2346 5.
769 2282 887 2348 saucius,
899 2283 1054 2330 volneratus.

245 2364 321 2415 visus
333 2366 400 2431 erat,
413 2365 481 2413 from
493 2367 586 2414 videor.
769 2368 798 2417 sa
810 2366 921 2432 aripuit,
928 2366 1010 2430 fagit.

490 2572 537 2647 85.
577 2574 604 2630 Δ
622 2575 702 2630 Hard
720 2575 858 2647 Bargain.

221 2710 364 2788 Agricola
379 2712 512 2787 quidam,
528 2710 575 2770 vir
590 2712 676 2771 dives
692 2721 783 2788 atque
799 2713 880 2772 idem
896 2720 1015 2784 avarus,
1032 2711 1105 2769 dum
1120 2730 1177 2789 per
1227 2710 1230 2717 ’

180 2818 269 2887 agras
284 2820 371 2882 errat,
389 2818 465 2887 opes
480 2811 666 2888 divitiasque
687 2819 789 2871 secum
814 2812 1039 2872 considerabat.
1086 2812 1177 2890 Sege

179 2918 225 2970 tes
249 2911 374 2986 quidem
396 2911 505 2983 aristis,
523 2918 623 2987 parnis
645 2913 770 2972 arbores
792 2922 935 2972 oneratae
958 2923 1036 2984 sunt,
1055 2912 1177 2971 stabula

180 3020 281 3069 autem
290 3010 391 3070 babus
401 3011 566 3088 pinguibus
581 3011 786 3089 iamentisque
797 3014 1006 3072 abundabant.
1038 3014 1083 3070 Ex
1093 3020 1176 3089 agris

179 3111 303 3169 domum
327 3130 493 3188 regressus,
520 3121 685 3189 postquam
711 3113 805 3172 aedas
831 3112 964 3184 intravit,
988 3131 1097 3185 arcam,
1122 3112 1176 3170 ubi

179 3221 295 3269 nummi
307 3212 423 3271 conditi
436 3222 514 3284 sunt,
526 3212 625 3270 avidis
637 3213 735 3270 oculis
748 3213 1021 3289 contemplabatur.
1065 3209 1176 3272 Subita

178 3317 286 3368 vacem
312 3311 428 3369 audivit
457 3312 608 3371 dicentis:
645 3315 755 3370 “Num
786 3321 860 3372 aura
890 3313 1065 3389 divitiisque
1093 3311 1175 3371 bene

179 3418 253 3466 risus
282 3412 337 3468 es?
371 3410 567 3486 Umquamne
596 3419 748 3488 pauperes
774 3420 950 3488 egenosque
980 3411 1174 3471 caravisti?'’

179 3507 250 3580 Qua
278 3514 354 3565 vace
384 3509 533 3568 attonitus
562 3510 633 3568 dum
664 3521 758 3569 vitam
794 3512 989 3588 praeteritam
1025 3518 1174 3584 recanset,
