2692 3959
565 311 803 360 ANECDOTES.

319 545 577 607 ANECDOTES
609 546 697 606 FOR
725 546 1047 606 TRANSLATION.

229 695 304 759 The
326 696 497 778 following
518 705 577 792 ten
598 697 779 759 anecdotes
800 697 931 779 require
947 716 967 759 a
983 696 1182 778 knowledge

184 804 275 867 of-
286 803 292 811 ’

227 945 274 1027 (a)
299 945 501 1022 Comparison
516 946 549 1005 of
563 946 684 1023 regular
699 946 876 1024 adjectives.

227 1045 271 1126 (b)
298 1045 443 1104 Numeral
459 1045 521 1104 and
536 1044 728 1122 pronominal
745 1045 921 1123 adjectives.

228 1144 267 1226 (c)
297 1145 468 1205 Indicative
492 1145 623 1304 }active
645 1145 679 1204 of
700 1145 791 1204 verbs
813 1144 845 1204 in
863 1147 911 1218 -ici,
933 1145 1016 1204 third
1037 1145 1182 1223 conjuga·

297 1243 480 1322 Imperative
565 1244 638 1305 tion.

431 1441 480 1516 3⁶·
520 1442 581 1499 The
599 1442 692 1499 Babes
711 1444 743 1498 in
762 1444 813 1500 the
831 1443 931 1499 Wood.

226 1588 298 1646 Duo
327 1586 399 1646 olim
428 1595 515 1645 erant
542 1587 662 1659 fratres,
686 1587 799 1646 Verres
827 1596 859 1646 et
888 1587 1008 1647 Timon.
1058 1587 1181 1646 Horum

184 1686 311 1746 alterurn
325 1686 427 1763 gravis
442 1686 629 1762 corripuerat
642 1686 776 1746 morbus.
823 1688 886 1745 Hic
901 1686 962 1745 iarn
977 1686 1179 1749 moribundus

182 1787 309 1845 fratrem
321 1785 360 1844 ad
371 1785 484 1845 lectum
493 1785 614 1845 vocavit
623 1794 713 1861 eique
725 1796 829 1845 curam
841 1794 1004 1863 parvorum
1015 1786 1181 1846 liberorum

183 1886 348 1944 mandavit.
402 1885 458 1944 Ille
482 1885 585 1944 multis
611 1904 682 1943 cum
707 1886 840 1944 lacrimis
866 1886 1045 1945 mandatum
1068 1886 1182 1962 accipit

182 1986 335 2061 fidemque
351 1994 444 2044 imum
460 2004 574 2043 annum
589 1985 739 2062 integram
757 1995 866 2044 servat.
913 1986 1057 2044 Secundo
1077 1995 1180 2045 tamen

184 2094 274 2158 anno,
305 2085 388 2161 quod
423 2085 510 2144 liberi
546 2095 633 2144 erant
662 2094 743 2162 agris
773 2095 966 2161 numinisque
996 2085 1179 2160 divitissimi,

183 2196 308 2262 patruus
328 2194 393 2244 auri
414 2184 521 2244 avidus
544 2184 671 2244 insidiiis
692 2184 857 2261 nepotibus
879 2185 1024 2244 struebat.
1070 2188 1180 2261 Itaque

183 2287 260 2345 duos
289 2285 423 2344 latrones
452 2285 491 2343 ad
520 2291 588 2344 sese
618 2284 759 2361 appellat.
815 2285 1039 2357 “Interficite‚'’
1070 2285 1180 2361 inquit,

184 2386 289 2445 “clam
317 2386 375 2444 hos
404 2385 554 2459 infantem
592 2385 681 2443 vobis
713 2393 858 2461 magnum
894 2385 1016 2460 pondus
1051 2394 1179 2462 argenti,

182 2485 312 2562 pretium
334 2484 446 2558 caedis,
471 2484 583 2543 dabo.''

248 2617 431 2682 moribundus,
446 2630 485 2680 29,
502 2630 539 2666 10.
749 2616 878 2681 nummis,
886 2618 1006 2678 pecnnia.

248 2702 416 2766 mauditum,
431 2700 470 2759 26,
483 2713 508 2762 7.
749 2699 903 2765 interficite,
918 2702 1024 2757 occidite,
1038 2714 1077 2758 21,
1089 2698 1112 2748 8.

329 2895 377 2955 37.
417 2882 478 2939 The
496 2881 588 2938 Babes
607 2882 639 2937 in
657 2884 709 2938 the
727 2881 1029 2938 Wood—continued.

224 3025 374 3085 Postridie
401 3026 513 3085 Timon
537 3027 617 3085 mali
638 3025 747 3084 fraude
769 3032 898 3101 nep6tes
922 3026 962 3084 acl
984 3032 1017 3084 se
1040 3025 1179 3086 advocat.
1223 3013 1235 3024 ’

182 3134 200 3160 “
211 3126 345 3199 Hodie,’'
361 3125 469 3201 inquit,
488 3133 505 3158 ‘⁶
515 3135 633 3184 vicinae
652 3125 736 3184 urbis
756 3125 876 3184 incolae
898 3125 991 3184 feriis
1014 3135 1125 3202 agunt;
1147 3126 1180 3183 hi

180 3226 272 3304 igitur
301 3245 339 3284 ex
371 3234 448 3284 meis
481 3234 577 3283 servis
609 3224 788 3295 fidelissimi,
819 3224 998 3283 deliciorum
1028 3233 1121 3283 causi
1149 3235 1181 3284 et

180 3325 353 3401 voluptatis,
385 3333 441 3383 vos
459 3325 510 3390 ,ad
539 3325 638 3383 locum
670 3325 813 3383 ducent.''
870 3324 966 3383 Simul
995 3334 1088 3384 mani
1117 3324 1178 3383 duo
1205 3316 1215 3335 '

179 3426 313 3484 latrones
336 3424 478 3483 ostendit.
524 3424 627 3483 Liberi
651 3431 764 3500 magno
787 3443 856 3482 cum
878 3424 993 3501 gaudio
1016 3425 1180 3484 discedunt

180 3533 211 3584 et
239 3525 300 3583 iam
329 3524 432 3583 animo
458 3524 539 3582 mille
565 3523 698 3582 laetitiis
724 3523 930 3602 praecipiunt.¹
977 3525 1058 3590 Mox
1078 3535 1180 3591 autem
