2692 3959
511 301 588 349 THE
610 301 849 350 ARGONAUTS.
1129 305 1177 355 109

180 469 286 528 Liceat
301 468 392 546 igitur
408 469 482 526 mihi
495 469 567 527 dum
582 477 684 527 vivam
700 469 759 528 hoc
774 477 903 546 regnum
919 470 1077 543 obtinere3
1100 481 1174 544 tum,

178 578 343 645 postquam
372 588 430 646 ego
460 576 477 628 ἐ
506 578 569 627 vita
599 568 781 641 discessero,
812 578 845 628 tu
879 569 910 626 in
940 588 1041 628 meum
1075 571 1175 630 locum

178 669 314 729 venies.'’
360 671 430 728 Hac
451 669 589 728 Oratione
612 669 764 730 adductus
788 672 882 729 Iasun
904 670 1066 745 respondit
1088 679 1121 732 se
1143 671 1175 731 id

177 770 330 828 facturum
345 770 429 846 quod
445 769 496 828 ille
511 778 658 846 rogasset.

502 991 565 1049 134.
606 977 705 1033 Boiled
724 977 853 1034 Mutton.

221 1124 282 1180 His
307 1122 399 1182 rebus
425 1121 565 1198 cugnitis,
591 1122 706 1180 Medea
730 1141 793 1180 rem
821 1129 910 1199 aegre
937 1122 1007 1182 tulit
1032 1133 1063 1182 et
1087 1131 1174 1201 regni

178 1222 346 1298 cupiditate
377 1222 511 1281 adducta
541 1222 702 1281 cunstituit
736 1233 863 1281 mortem
893 1229 957 1300 regi
985 1243 1040 1299 per
1069 1225 1174 1283 dolum

178 1323 298 1382 inferre.
346 1324 418 1381 Hdc
441 1321 617 1394 cunstitut6‚
640 1322 679 1380 ad
701 1322 783 1381 filias
806 1322 886 1399 regis
909 1322 994 1382 venit
1017 1333 1108 1400 atque
1131 1325 1174 1384 ita

177 1423 279 1481 locuta
305 1431 361 1480 est.
408 1422 554 1481 “Videtis
580 1431 699 1498 patrem
725 1432 860 1480 vestrum
890 1432 991 1482 aetate
1017 1424 1077 1481 iam
1104 1444 1173 1483 esse

178 1523 354 1582 cunfectum
369 1541 470 1597 neque
486 1522 525 1580 ad
546 1522 683 1581 laborem
698 1523 849 1599 regnandi
864 1524 1081 1598 perferendum
1097 1525 1173 1584 satis

177 1623 287 1681 valere.
321 1623 463 1681 Voltisne
473 1641 544 1680 eum
559 1632 662 1681 rursus
678 1623 821 1681 iuvenem
842 1624 956 1682 fieri?’'
994 1625 1074 1681 Tum
1089 1624 1172 1683 filiae

176 1721 257 1800 regis
285 1723 334 1781 his
364 1723 477 1781 auditis
507 1723 550 1780 ita
579 1724 812 1799 responderunt.
874 1725 985 1781 “Num
1019 1725 1078 1783 hdc
1107 1726 1173 1783 fieri

177 1825 301 1898 potest?
345 1823 424 1896 Quis
440 1822 523 1881 enim
543 1841 679 1899 unquam
695 1829 712 1881 ἐ
727 1842 801 1882 sene
823 1823 943 1882 iuvenis
958 1824 1060 1883 iactus
1075 1828 1141 1884 est?
1154 1826 1171 1852 ''

177 1925 219 1981 At
252 1923 365 1981 Medea
395 1923 562 1999 respondit,
595 1923 715 1982 “Scitis
744 1931 792 1981 me
821 1924 992 1982 medicinae
1022 1943 1172 1982 summam

176 2023 288 2082 habere
304 2023 474 2081 scientiam.
520 2025 612 2081 Nunc
634 2023 726 2100 igitur
748 2025 837 2083 vdbis
858 2024 1077 2085 demonstrabo
1099 2034 1172 2101 qud

176 2123 268 2181 modo
293 2123 371 2181 haec
396 2130 445 2181 res
470 2123 537 2181 fieri
561 2123 692 2200 possit.’'
738 2125 799 2182 His
826 2124 926 2196 dictis
948 2143 1018 2182 cum
1044 2125 1170 2184 arietem

176 2231 277 2281 aetate
299 2222 360 2280 iam
382 2223 559 2282 cunfectum
581 2210 798 2295 interfecisset,
815 2225 952 2282 membra
974 2225 1040 2283 eius
1062 2225 1094 2282 in
1116 2234 1171 2285 vas

176 2341 305 2381 aeneum
327 2323 431 2398 posuit
449 2333 480 2381 et
502 2333 573 2399 igne
589 2323 751 2399 suppositd
767 2343 867 2399 aquae
890 2325 1003 2382 herbas
1019 2326 1170 2400 quasdam

175 2422 295 2481 infudit.
340 2423 429 2494 Tum,
447 2423 518 2481 dum
535 2443 615 2499 aqua
638 2424 862 2495 effervesceret,
879 2442 1001 2482 carmen
1018 2425 1170 2502 magicum

174 2524 329 2581 cantabat.
376 2525 451 2581 Post
476 2523 569 2581 breve
593 2533 715 2599 tempus
745 2523 824 2582 aries
850 2531 866 2581 e
891 2533 964 2582 vase
991 2525 1114 2584 exsiluit
1140 2535 1170 2584 et

175 2621 290 2680 viribus
314 2622 438 2681 refectis
462 2642 517 2698 per
540 2631 631 2700 agtus
656 2623 806 2682 currebat.

399 2844 463 2903 135.
503 2831 530 2885 Α
552 2831 720 2902 Dangerous
743 2831 942 2900 Experiment.

216 2976 298 3032 Dum
322 2975 406 3033 filiae
430 2975 511 3052 regis
527 2976 587 3035 hbe
611 2974 791 3034 miraculum
814 2982 976 3051 stupentes
1000 2975 1167 3049 intuentur,

174 3076 287 3134 Medea
309 3074 352 3134 ita
374 3076 477 3134 locuta
500 3086 556 3135 est.
603 3075 751 3135 “Videtis
777 3085 927 3151 quantum
954 3076 1054 3134 valeat
1077 3076 1169 3135 medi-

172 3184 250 3234 cina.
295 3177 361 3235 Vds
383 3176 484 3253 igitur,
501 3183 527 3235 si
542 3176 634 3235 voltis
656 3186 775 3252 patrem
790 3186 926 3235 vestrum
942 3175 974 3233 in
990 3176 1169 3235 adulescen-

171 3275 246 3332 tiam
271 3276 426 3349 reducere,
447 3276 478 3335 id
503 3277 586 3352 quod
609 3277 669 3334 feci
696 3275 782 3352 ipsae
808 3275 938 3335 facietis,
984 3278 1050 3335 Vds
1072 3276 1168 3351 patris

173 3377 308 3434 membra
330 3375 361 3433 in
378 3385 432 3435 vas
447 3376 596 3448 cunicite3
620 3395 678 3453 ego
699 3376 811 3435 herbas
826 3375 962 3452 magicas
980 3376 1168 3451 praebeb6.·'’

173 3477 233 3534 His
255 3477 377 3548 auditis
399 3477 483 3534 filiae
506 3476 587 3553 regis
610 3475 774 3535 cdnsilium
796 3476 880 3551 quod
904 3476 1031 3534 dederat
1054 3475 1169 3534 Medea

171 3583 233 3636 ndn
249 3575 454 3635 omittendum
470 3583 672 3652 putaverunt:
703 3585 821 3652 patrem
837 3574 928 3653 igitur
950 3575 1066 3634 Peliam
1081 3584 1169 3644 neca-
