2692 3959
186 277 219 328 94
567 263 808 312 ANEcuorEs.

188 441 298 504 autem,
322 432 395 491 dum
418 437 525 490 omnes
551 431 718 490 adventum
745 430 811 490 eius
837 439 1071 508 exspectamus
1095 439 1185 507 porto

187 533 342 609 patefacto
357 539 482 608 egressa
496 530 612 589 femina
626 530 714 589 fortis
730 531 770 590 ad
786 539 887 589 castra
902 531 1038 590 hostium
1053 530 1185 591 accessit

187 651 257 691 cum
269 632 408 709 coniuge,
422 650 512 707 quem
529 631 559 688 in
576 638 698 690 umcros
710 631 903 690 sublevatum
915 632 1066 708 portabat.
1105 631 1185 690 Inde

188 739 270 791 cives
288 732 430 790 virtutem
452 731 585 790 feminac
607 739 714 804 mirati,
732 731 816 808 quod
836 732 929 791 fidem
950 732 1053 791 datam
1070 730 1185 791 violare

189 832 359 902 noluerunt,
377 840 407 890 et
423 831 545 908 coniugi
561 839 592 891 et
607 838 694 890 uxori
708 837 919 908 pepercerunt.

254 965 339 1029 elide,
352 971 438 1012 morte.
755 965 939 1029 pepercerunt,
952 964 1021 1014 from
1027 970 1116 1028 parco'.

459 1195 523 1236 112.
563 1181 610 1236 An
629 1180 814 1236 Ill-matched
832 1179 910 1235 Peir.

232 1311 337 1386 Lupus
363 1309 435 1368 dlim
460 1328 530 1368 cum
552 1308 642 1385 volpe
668 1307 848 1367 societatem
872 1305 1038 1391 coniunxit.
1091 1308 1185 1366 Hanc

190 1409 288 1487 igitur,
312 1409 395 1484 quod
421 1409 517 1468 multo
543 1407 693 1465 infirmior
718 1415 792 1478 erat,
817 1406 1032 1482 quodcumque
1058 1406 1109 1465 ille
1132 1407 1185 1465 im-

190 1508 314 1586 petivit,
338 1510 440 1568 facere
466 1508 635 1585 oportebat.
685 1507 871 1583 Aliquando,
899 1506 971 1566 dum
997 1526 1052 1582 per
1077 1507 1185 1565 silvam

189 1608 317 1669 comites
341 1608 398 1668 iter
423 1607 549 1680 faciunt,
577 1607 720 1683 “Volpes
746 1606 934 1679 carissima,'’
958 1606 1058 1683 inquit
1083 1607 1183 1683 lupus,

191 1716 209 1743 “
219 1708 336 1786 aliquid
351 1707 413 1767 cibi
427 1707 502 1765 mihi
517 1725 608 1784 quam
624 1706 780 1766 celerrime
797 1707 891 1779 adfer,
908 1713 947 1765 ne
961 1707 1043 1764 fame
1058 1715 1185 1766 coactus

189 1816 220 1868 te
235 1809 333 1885 ipsam
353 1808 527 1868 devorem.”
573 1815 591 1841 “
602 1806 782 1883 Eqmdemss’
799 1805 959 1882 respondit
972 1806 1078 1882 volpes
1093 1806 1185 1865 minis

190 1908 357 1985 perterrita,
376 1908 486 1966 “haud
506 1907 612 1983 procul
632 1907 671 1964 ab
693 1906 844 1965 hocloco
867 1905 944 1964 duos
966 1912 1064 1982 agnos
1086 1906 1185 1982 pridie

190 2016 345 2085 conspexi,
363 2016 442 2084 quos
459 2006 603 2066 facillime
627 2005 683 2066 tibi
706 2006 825 2065 adferre
848 2005 986 2081 potero.''
1031 2007 1110 2065 Cum
1125 2007 1185 2065 hoc

190 2109 338 2168 intereos
354 2108 559 2179 convenisset,
576 2107 683 2183 volpes
698 2125 736 2164 cx
750 2113 839 2182 {gnis
855 2105 983 2164 alterum
1001 2106 1040 2164 ab
1056 2113 1129 2182 agro
1145 2107 1185 2166 ad

190 2209 294 2286 lupum
307 2209 448 2285 portavit.
481 2207 611 2279 Deinde,
621 2216 655 2265 ut
665 2205 724 2265 sibi
735 2204 852 2281 aliquid
861 2205 1019 2278 inveniret,
1031 2204 1183 2266 discessit.

190 2312 232 2367 At
247 2309 345 2385 lupuS,
363 2319 415 2386 qui
431 2310 516 2367 brevi
531 2316 644 2383 {sgnum
660 2305 825 2377 devoravit,
839 2313 878 2364 ne
893 2306 953 2365 hoc
969 2305 1094 2382 quidem
1109 2307 1184 2365 satis

190 2418 361 2477 contentus
379 2419 412 2466 ut
432 2408 527 2467 altero
545 2414 701 2483 potiretur,
719 2406 785 2482 ipse
802 2406 841 2464 ad
855 2406 935 2465 ovile
950 2407 1108 2482 profectus
1126 2416 1183 2466 est.

191 2512 223 2567 Is
240 2518 350 2580 autem,
367 2508 450 2583 quod
473 2526 535 2567 rem
558 2507 710 2566 incautius
732 2506 803 2582 egit,
823 2514 841 2564 ῖι
864 2513 988 2582 pistore
1011 2516 1120 2583 captus
1142 2507 1185 2566 ita

188 2608 322 2686 graviter
336 2608 514 2667 verberatus
536 2616 593 2678 est,
610 2616 644 2665 ut
666 2625 777 2683 corpus
800 2605 841 2663 ad
862 2606 969 2665 silvam
992 2605 1043 2665 vix
1064 2607 1185 2668 trahere

187 2718 303 2786 posset.

462 2854 526 2912 113.
566 2840 736 2896 Greedinese
755 2839 913 2895 Puniehed.

232 2970 360 3027 Postero
382 2967 432 3026 die
455 2967 545 3043 lupus
571 2966 610 3026 de
636 2975 700 3025 suis
726 2965 842 3024 iniuriis
865 2974 1001 3042 questus,
1028 2974 1047 3024 ἃ
1071 2966 1185 3026 comite

188 3069 264 3127 facti
298 3067 499 3142 imprudentis
529 3067 726 3125 vehementer
760 3066 918 3124 incusatus
950 3075 1019 3138 est3
1051 3066 1183 3125 “Hodie

189 3167 323 3238 tamen,''
341 3166 439 3242 inquit
454 3165 569 3242 volpes,
589 3173 643 3224 “si
661 3172 781 3224 mecum
796 3173 900 3223 venire
915 3173 971 3238 vis,
987 3174 1106 3224 tantum
1121 3165 1184 3225 cibi

190 3277 339 3343 quantum
355 3266 445 3325 edere
461 3265 576 3341 poteris
591 3265 647 3324 tibi
669 3265 782 3324 dabo.''
828 3266 935 3340 Lupus
956 3265 1047 3343 igitur
1060 3265 1183 3342 volpem

190 3376 321 3437 secutus,
334 3366 476 3424 horreum
491 3364 644 3442 agricolae
656 3365 815 3423 cuiusdam
830 3372 906 3423 rimi
921 3364 1004 3423 haud
1019 3364 1062 3423 ita
1072 3374 1184 3443 magni

190 3464 322 3529 intravit.
368 3465 439 3541 Hic,
456 3483 526 3524 cum
548 3464 650 3528 carnis
667 3464 830 3524 maximam
846 3463 966 3551 copiam
981 3464 1181 3548 invenissent,
