2692 3959
158 289 193 341 82
538 286 779 336 ANECDOTES.

161 457 330 536 agitabant,
343 465 429 533 gravi
444 464 561 514 nausea
576 472 744 532 oppressus
760 462 889 512 mortem
909 450 1036 528 optavit.
1082 451 1158 509 Mox

162 568 273 631 autem,
295 557 348 616 ubi
369 565 416 614 vis
438 555 631 632 tempestatis
653 553 843 625 mitescebat,
867 552 1007 610 morbum
1029 550 1155 628 depulit.

162 661 273 716 Paucis
287 667 358 735 post
374 656 492 728 diebus,
510 656 582 715 dum
598 662 705 730 aperto
721 662 796 711 mari
810 652 917 730 procul
932 660 951 711 a
966 660 1055 728 portu
1075 650 1157 710 navi·

160 767 257 836 gatur,
279 776 405 834 parvam
426 756 556 815 insulam
577 755 664 831 nigro
685 754 787 812 colare
809 753 893 812 haud
915 752 1044 810 multum
1066 769 1158 828 super

161 877 273 935 aquam
296 857 482 917 eminentem
508 865 620 915 nautae
641 854 757 913 vident.
802 855 883 912 Tum
908 859 1016 910 omnes
1038 859 1055 910 e
1078 859 1157 909 nave

161 966 278 1036 egressi
299 959 359 1016 hirc
382 957 453 1016 illuc
478 976 534 1033 per
558 963 653 1015 totam
680 954 811 1013 insulam
833 962 1005 1030 vagantur;
1031 951 1167 1010 tandem

162 1068 263 1136 ignem
293 1058 461 1117 accendere
491 1056 652 1133 incipiunt.
702 1054 812 1113 Subito
841 1054 899 1112 sub
928 1051 1060 1129 pedibus
1089 1050 1158 1110 diro

162 1159 264 1218 sonitu
293 1159 394 1218 insula
422 1157 546 1217 evanuit
571 1156 602 1214 in
629 1156 728 1214 undas
754 1161 924 1230 omnesque
949 1152 981 1209 in
1007 1150 1157 1228 gurgitem

162 1260 265 1318 hausti
294 1268 374 1317 sunt.
421 1260 595 1317 Monstrum
631 1254 714 1314 enim
750 1263 909 1325 marinum,
941 1271 1020 1330 quae
1055 1260 1157 1310 nautis

162 1359 263 1440 insula
278 1360 318 1418 ob
335 1358 578 1436 magnitudinem
590 1366 656 1415 visa
668 1364 724 1429 est,
738 1362 754 1414 a
771 1361 880 1413 somno
895 1362 965 1431 igne
981 1351 1155 1423 excitatum,

162 1459 193 1518 in
210 1477 293 1518 mare
308 1466 342 1518 se
362 1458 477 1521 mersit.
522 1457 594 1531 Qua
617 1464 691 1516 casii
713 1462 821 1514 omnes
843 1462 956 1524 nautae
978 1452 1156 1529 perierunt3

163 1560 259 1619 Sinon
275 1568 377 1618 autem
393 1567 505 1635 magna
521 1567 679 1617 sustentus
695 1557 781 1616 trabe
798 1574 890 1632 quam
905 1554 984 1613 torte
1000 1552 1040 1612 ad
1054 1562 1157 1629 ignem

161 1660 290 1733 ferebat,
307 1659 444 1718 natando
459 1658 498 1717 ad
513 1666 625 1718 terram
639 1664 777 1735 ignotam
792 1654 940 1734 pervenit.

161 1799 165 1806 ’
228 1809 382 1876 constituit,
395 1822 435 1874 73,
449 1808 472 1858 6.
807 1807 875 1872 ano,
886 1819 928 1870 90,
940 1819 963 1869 3.

228 1895 280 1945 hirc
291 1893 366 1958 illac,
382 1907 419 1954 14,
433 1906 471 1941 ιο.
806 1889 955 1955 perierunt,
969 1887 1002 1937 ct.
1014 1887 1054 1953 83,
1068 1900 1090 1935 2.

445 2173 493 2230 94.
520 2158 582 2214 The
600 2158 742 2213 Diamond
761 2157 876 2230 Valley.

206 2303 302 2364 Sinon
326 2302 452 2381 quidem
477 2311 576 2363 totum
600 2302 683 2361 diem
708 2322 763 2380 per
788 2302 856 2361 loca
881 2302 1003 2361 deserta
1029 2310 1159 2379 vagatus

163 2413 248 2463 omni
262 2410 318 2481 spe
333 2403 450 2463 reditus
466 2403 605 2462 deiectus
621 2412 676 2462 est.
721 2405 764 2462 At
779 2411 872 2462 nocta
892 2402 965 2462 dum
981 2401 1102 2474 dormit,
1118 2400 1160 2460 ad

162 2503 274 2563 vallem
289 2503 446 2562 altissimis
461 2502 617 2562 montibus
633 2503 830 2562 interclusam
845 2502 964 2579 ingenti
981 2521 1038 2561 ave
1054 2511 1160 2579 raptus

163 2613 219 2664 est.
264 2603 334 2662 Tali
356 2603 504 2662 miraculo
526 2603 676 2663 attonitus
698 2610 823 2680 postera
848 2602 898 2661 die
925 2602 1041 2679 aliquid
1067 2602 1160 2661 etiam

163 2703 331 2764 mirabilius
359 2703 454 2776 vidit;
484 2711 549 2763 tota
578 2703 660 2762 enim
690 2703 778 2762 vallis
806 2711 935 2779 gemmis
964 2710 1072 2762 ornata
1101 2712 1159 2761 est.

165 2805 291 2863 Incolae
306 2803 397 2863 huius
412 2814 511 2862 terrae
526 2804 610 2879 quod
625 2802 658 2860 in
671 2802 783 2861 vallem
799 2802 948 2861 descendi
963 2809 1025 2861 non
1046 2812 1158 2879 potest,

163 2913 300 2982 gemmas
331 2902 374 2962 ita
403 2903 557 2980 conligere
588 2903 697 2963 solent.
758 2904 891 2961 Summis
928 2902 967 2961 de
1003 2902 1160 2961 montibus

164 3023 288 3064 carnem
314 3003 460 3075 deiciunt,
489 3022 581 3079 quam
611 3002 731 3080 aquilae
759 3003 798 3061 ab
826 3011 887 3062 ima
910 3002 989 3061 valle
1013 3002 1045 3060 in
1069 3002 1160 3061 nidos

164 3105 276 3164 ferunt.
322 3103 400 3162 Inde
415 3110 599 3162 mercatores
616 3109 728 3179 magno
744 3103 877 3161 clamore
899 3109 971 3161 avas
992 3101 1159 3179 depellunt,

163 3212 355 3281 gemmisque
371 3212 455 3261 carni
471 3203 710 3262 adhaerentibus
726 3202 785 3278 ipsi
801 3201 967 3278 potiuntur.
998 3201 1091 3275 Quod
1107 3202 1161 3260 ubi

166 3304 264 3363 Sinon
289 3302 442 3380 cognovit,
467 3312 631 3380 postquam
655 3309 724 3361 sese
751 3322 843 3379 quam
868 3301 1006 3378 plurimis
1031 3311 1161 3378 gemmis

165 3412 353 3473 oneraverat,
382 3421 470 3461 suum
495 3421 605 3478 corpus
632 3402 671 3461 ad
695 3421 819 3460 carnem
845 3401 991 3479 adligavit
1016 3410 1161 3478 tutusque

165 3510 277 3578 magna
292 3500 395 3582 aquila
411 3501 451 3586 ad
467 3501 573 3586 nidum
588 3501 668 3560 latus
684 3511 740 3560 est.
787 3501 879 3572 Unde
900 3501 939 3559 ad
964 3502 1070 3584 urbem
1093 3520 1163 3577 pro-
