2692 3959
497 293 575 347 THE
597 290 836 347 ARGONAUTS.
1116 291 1163 349 107

165 461 204 526 de
220 465 287 525 eius
310 466 408 525 salute
432 466 596 542 desperare
612 472 782 541 coeperunt
804 483 862 524 nec
885 464 1069 525 dubitabant
1089 474 1163 541 quin

166 566 261 642 aliqui
285 575 376 625 cesus
402 565 575 625 accidisset.
621 566 710 639 Quae
726 584 795 623 cum
819 564 862 622 ita
882 573 996 637 essent,
1012 574 1163 623 maturan-

166 666 240 724 dum
264 665 324 725 sibi
347 672 542 737 censuerunt,
565 674 598 724 ut
622 664 768 723 auxilium
786 665 857 723 duci
879 665 1013 723 ferrent:
1036 674 1067 723 et
1090 665 1163 724 dum

166 767 319 843 proficisci
355 776 466 842 parant
503 767 605 824 himen
638 765 794 841 quoddam
831 764 933 824 subite
969 764 1164 840 conspiciunt

166 876 275 925 mirum
296 866 328 924 in
353 867 478 925 modum
503 865 582 925 inter
605 865 698 925 siivas
720 865 896 941 refulgens:
927 874 957 923 ct
977 873 1163 942 magnopere

166 975 266 1025 mirati
290 985 370 1042 quae
394 985 489 1024 causa
514 975 597 1025 esset
621 966 687 1024 eius
711 973 755 1024 rei
779 965 819 1023 ad
841 965 943 1024 locum
967 974 1162 1024 concurrunt.

168 1067 239 1139 Quo
269 1085 338 1125 cum
368 1067 535 1138 venissent,
569 1068 675 1124 Iasoni
704 1075 735 1124 et
765 1065 898 1124 Medeae
928 1064 1163 1124 advenientibus

112 1159 115 1165 ’
167 1174 364 1226 occurrerunt
388 1176 419 1226 et
444 1166 542 1225 vellus
567 1185 693 1224 aureum
719 1165 841 1224 luminis
861 1164 927 1223 eius
948 1184 1072 1224 causam
1095 1184 1163 1224 esse

167 1273 387 1343 cognoverunt.
432 1267 526 1325 Omni
548 1266 656 1325 timore
680 1264 810 1337 sublate,
827 1271 940 1341 magno
958 1283 1028 1322 cum
1049 1265 1164 1341 gaudie

168 1366 277 1424 ducem
294 1385 382 1425 suurn
398 1373 584 1442 exceperunt
599 1375 629 1424 et
645 1366 693 1424 dis
707 1365 822 1443 gratias
836 1364 968 1424 libenter
983 1364 1164 1424 rettulerunt

168 1466 252 1542 quod
266 1473 314 1525 res
330 1466 372 1525 ita
386 1465 517 1525 feliciter
532 1465 694 1525 evenisset,

355 1788 419 1846 131.
459 1774 591 1830 Puraued
609 1774 650 1845 by
667 1774 718 1830 the
736 1772 842 1846 Angry
859 1774 974 1829 Father.

210 1978 270 2036 His
290 1979 382 2037 rebus
402 1986 507 2054 gestis,
526 1984 632 2036 omnes
649 1976 717 2036 sine
738 1984 822 2035 mora
842 1985 951 2036 nevem
972 1987 1075 2037 rursus
1092 1985 1162 2038 con·
1219 2003 1222 2007 ’

166 2078 353 2136 scenderunt
376 2087 407 2136 et
436 2077 566 2136 sublatis
589 2087 710 2136 ancoris
734 2086 832 2153 prima
855 2077 959 2154 vigilia
988 2077 1161 2137 solverunt:

167 2196 268 2253 neque
293 2177 374 2235 enirn
401 2178 476 2236 satis
500 2187 598 2236 tutum
625 2196 695 2236 esse
721 2177 860 2237 arbitreti
887 2187 958 2236 sunt
978 2177 1007 2235 in
1033 2185 1071 2238 eo
1094 2178 1162 2238 loco

166 2284 299 2335 manere.
345 2279 387 2335 At
413 2284 465 2335 rex
489 2280 612 2349 AeeteS,
640 2286 693 2353 qui
718 2277 779 2335 iarn
806 2287 877 2336 ante
902 2277 1026 2337 inimice
1050 2278 1081 2335 in
1108 2286 1162 2338 eos

164 2377 265 2435 fuerat
289 2376 400 2448 anime,
428 2376 481 2435 ubi
507 2376 652 2454 cegnevit
678 2377 774 2435 filiam
801 2396 888 2436 suam
914 2385 976 2436 non
1002 2379 1095 2437 modo
1122 2379 1162 2438 ad

165 2479 362 2554 Argonautas
378 2484 411 2535 se
427 2477 581 2553 recepisse
597 2477 654 2535 sed
677 2477 768 2536 etiam
785 2478 825 2536 ad
846 2478 945 2536 vellus
960 2479 1162 2537 auferendum

164 2577 310 2635 auxilium
339 2577 456 2648 tulisse,
486 2578 547 2635 hoc
577 2577 682 2637 dolore
711 2577 834 2653 gravius
864 2577 986 2637 exarsit.
1042 2581 1162 2638 Nevem

164 2676 287 2754 longam
307 2697 398 2753 quarn
421 2677 578 2736 celerrime
603 2678 713 2736 deduci
736 2677 826 2736 iussit
847 2687 878 2736 et
899 2677 1048 2737 militibus
1068 2678 1162 2755 impo

164 2777 231 2837 sitis
261 2778 415 2855 fugientes
446 2787 604 2837 insecutus
635 2787 691 2837 est.
756 2780 962 2855 Argonautae,
994 2788 1046 2855 qui
1082 2779 1161 2838 bene

163 2877 304 2937 sciebant
329 2897 392 2937 rem
418 2878 449 2936 in
479 2878 655 2937 discrimine
681 2896 758 2950 esse,
785 2888 912 2938 summis
931 2878 1048 2937 viribus
1071 2885 1162 2938 remis

163 2978 413 3037 contendebant:
446 2998 515 3037 cum
532 2989 635 3038 tamen
653 2979 741 3037 nevis
757 2988 818 3055 qua
833 2980 1025 3038 vehebantur
1045 2979 1162 3055 ingenti

163 3087 247 3137 esset
276 3079 496 3155 magnitudine,
530 3087 592 3139 nou
623 3079 733 3137 eedem
768 3079 923 3138 celeritate
953 3089 1013 3156 qua
1055 3079 1163 3140 Colchi

162 3179 306 3255 pregredi
324 3161 475 3254 poterant.
521 3179 609 3252 Quae
626 3198 695 3237 cum
718 3179 761 3237 ita
776 3190 888 3252 essent,
906 3179 1065 3238 minimum
1084 3179 1161 3238 afuit

162 3287 237 3354 quin
256 3286 274 3337 e
292 3278 417 3338 Colchis
441 3279 642 3354 sequentibus
665 3291 849 3355 caperentur
871 3298 972 3356 neque
995 3279 1076 3338 enim
1099 3280 1161 3337 lon-

88 3435 91 3439 ,
161 3378 230 3455 gius
256 3378 402 3437 intererat
418 3397 509 3454 quam
526 3387 587 3454 quo
603 3379 697 3437 telum
719 3379 800 3437 adici
820 3391 934 3456 posset.
980 3382 1021 3438 At
1037 3380 1160 3450 Medea,

162 3497 232 3537 cum
261 3478 391 3537 vidisset
416 3485 478 3554 que
508 3477 539 3535 in
566 3479 633 3536 loco
658 3486 706 3537 res
733 3490 846 3550 essent,
873 3498 972 3556 paene
998 3488 1083 3537 omni
1106 3486 1161 3555 spe

163 3578 315 3655 depositi,
339 3579 501 3638 infandum
522 3579 582 3637 hoc
604 3578 767 3638 censilium
790 3580 881 3657 cepit.
