2692 3959
555 292 797 343 ANECDOTES.

357 539 405 615 56.
444 541 506 597 The
525 541 608 616 Ugly
626 542 986 614 Duckling-continued.

219 684 282 746 Diu
310 685 343 744 in
359 686 431 745 hac
460 685 558 744 funda
589 686 744 745 anaticula
773 685 870 764 turpis
896 696 991 747 vitam
1020 686 1175 748 infelicem

176 789 305 866 agabat3
333 793 424 845 nami>
446 786 529 845 enim
552 795 580 845 ei
605 787 740 846 lavabat.
785 788 927 847 Gallinae
953 787 1078 865 quidem
1104 808 1175 847 cum

176 887 350 966 pavanibus
365 886 509 945 miseram
525 887 680 946 volucrem
696 888 893 964 spernebant,
907 888 990 965 quod
1006 907 1117 965 aquam
1132 889 1175 948 ita

177 987 299 1047 amavit.
345 990 464 1046 Anates
479 995 583 1046 autem
600 997 632 1046 et
648 995 775 1047 anseres
794 987 878 1047 daris
897 996 1003 1076 rastris
1022 989 1175 1048 advenam

177 1097 233 1148 sua
248 1097 329 1165 aqua
341 1088 548 1165 depellebant.
592 1088 735 1147 Tandem
750 1098 869 1147 maesta
881 1097 912 1149 et
923 1089 1029 1148 infelix
1044 1098 1063 1149 a
1076 1090 1175 1149 funda

177 1188 209 1248 in
224 1190 326 1248 locum
342 1189 498 1248 desertum
510 1187 627 1265 effugit,
641 1197 703 1265 qua
718 1189 784 1248 sala
799 1197 895 1249 tritam
910 1189 1042 1248 hiemem
1058 1190 1175 1249 habita-

177 1291 239 1349 bat
284 1292 327 1348 At
341 1296 412 1349 vere
428 1295 509 1349 nova
525 1289 565 1348 ad
585 1289 686 1348 lacurn
705 1289 838 1363 advenit,
855 1288 886 1347 in
905 1297 966 1367 qua
981 1290 1069 1350 multi
1084 1293 1175 1368 cygni

177 1391 335 1450 natabant.
382 1391 443 1448 His
462 1389 524 1448 duo
544 1399 632 1467 pueri
652 1390 752 1449 frusta
772 1390 861 1467 panis
884 1390 1050 1450 iactabant.
1094 1392 1173 1449 Tum

177 1489 239 1564 illa,
257 1490 341 1568 quod
363 1490 424 1549 iam
446 1500 576 1550 mortem
598 1492 736 1567 optabat,
756 1491 796 1550 ad
818 1499 934 1570 cygnas
956 1491 1025 1568 ipsa
1047 1492 1173 1564 natavit,

177 1590 323 1668 flexitque
346 1600 439 1668 caput
461 1592 500 1650 ad
523 1599 618 1650 ictum
644 1599 821 1651 rostrorum.
866 1595 908 1650 At
932 1590 1063 1651 attonita
1086 1611 1174 1651 suam

178 1691 351 1769 imaginem,
372 1710 464 1768 quarn
487 1711 567 1767 aqua
589 1692 749 1764 reddebat,
767 1691 845 1751 vidit
867 1692 1045 1769 audivitque
1065 1700 1174 1752 vacem

177 1799 350 1869 puetarum,
368 1801 420 1869 qui
439 1802 571 1870 cygnum
592 1799 702 1851 ceteris
724 1792 929 1868 pulchriarem
952 1792 1024 1852 laeti
1046 1792 1174 1870 accipie·

176 1892 262 1953 bant.
306 1892 474 1953 Anaticula
488 1892 571 1951 enim
585 1891 682 1970 turpis
697 1892 820 1970 gracilis
836 1901 953 1970 cygnus
968 1899 1117 1952 evaserat.

260 2053 355 2119 fundit,
371 2067 408 2120 55,
423 2069 445 2103 2.
770 2056 921 2118 qua=qua
929 2054 958 2100 in
970 2054 1028 2102 loca.

260 2139 400 2191 anaticula
406 2146 528 2201 :parva
540 2155 612 2187 anas.
767 2138 812 2188 his
819 2139 899 2185 :his
910 2143 1003 2200 cygnis.

259 2223 361 2287 turpis,
374 2223 506 2287 disarmiu
520 2234 558 2287 55,
574 2236 611 2270 11.
768 2221 853 2285 flexit,
866 2221 933 2269 from
939 2222 1021 2285 flecto‘.

260 2306 444 2372 depellebant,
456 2306 629 2363 deturbabant,
644 2319 665 2363 2,
676 2318 700 2367 7.
767 2306 900 2370 evaserat,
913 2304 982 2353 from
993 2304 1080 2354 baddo*-

470 2584 518 2646 57.
557 2572 619 2628 The
637 2572 735 2628 Touch
754 2571 785 2627 of
802 2571 883 2628 Gold.

220 2718 333 2790 Midam,
363 2725 416 2779 rex
447 2716 607 2796 Phrygiae,
639 2716 724 2793 quod
752 2715 825 2776 alim
859 2716 983 2775 Baccha
1008 2714 1172 2792 placuerat,

177 2819 301 2897 &gregia
316 2828 441 2878 manere
456 2826 476 2878 a
489 2819 550 2877 dea
565 2818 698 2877 danatus
713 2826 770 2875 est.
809 2816 952 2893 “Delige,
966 2822 1018 2875 rar
1033 2817 1174 2892 magnc‚”

177 2919 278 2997 inquit
299 2919 386 2992 dem,
409 2918 469 2978 “id
491 2919 574 2995 quod
600 2917 731 2977 maxime
752 2915 857 2993 cupis3
885 2917 944 2976 hac
966 2915 1023 2975 tibi
1044 2916 1176 2976 libenter

177 3020 290 3080 dab6.'’
334 3021 415 3078 Tum
429 3018 476 3078 vir
491 3027 601 3078 avarus
616 3027 726 3077 mirum
741 3017 856 3077 danum
872 3016 1054 3095 impetravit,
1071 3017 1175 3076 omnia

177 3120 260 3179 enim
282 3139 361 3196 quae
379 3126 436 3178 sua
459 3136 587 3196 corpore
606 3118 753 3195 tangebat
775 3117 808 3175 in
830 3136 937 3175 aurum
956 3126 1071 3177 mutata
1093 3126 1174 3176 sunt.

178 3220 325 3280 Pratinus
339 3227 392 3278 rex
407 3219 506 3278 laetus
522 3217 636 3296 regiam
655 3218 780 3277 domum
801 3219 999 3295 percurrebat
1021 3227 1175 3294 manrique

176 3329 260 3392 vasa,
286 3327 419 3391 mensas,
445 3317 552 3390 lectam,
578 3318 683 3378 omnia
708 3318 865 3395 tangebat.
919 3318 997 3377 Inde
1023 3317 1076 3376 ubi
1100 3317 1175 3375 nihil

177 3420 253 3497 ligni
275 3430 329 3480 aut
350 3428 469 3497 argenti
492 3418 523 3477 in
548 3417 677 3478 aedibus
701 3418 854 3490 manebat,
874 3416 988 3496 gratias
1010 3425 1067 3494 pra
1089 3424 1175 3477 tanta

176 3520 330 3583 beneficia
343 3519 467 3582 Baccha
482 3518 636 3600 persolvit.
682 3519 823 3578 Tandem
835 3518 940 3578 labrire
951 3517 1054 3577 fessus
1067 3523 1174 3576 cenam
