2692 3959
536 298 614 346 THE
636 297 874 346 ARGONAUTS.
1168 300 1203 351 99

203 466 342 539 vidisset,
357 465 457 526 Pelias
473 465 576 525 subito
588 466 698 526 timore
710 467 852 525 adfectus
865 474 912 525 est
924 490 930 538 ;
954 466 1104 525 intellexit
1119 466 1201 525 enim

204 567 287 625 hunc
317 585 386 625 esse
419 566 576 625 hominem
606 584 697 642 quem
727 567 884 626 oraculum
917 566 1199 626 demonstravisset.

205 668 278 726 Hoc
310 666 401 743 igitur
429 666 497 724 iniit
523 666 695 726 consilium.
741 668 808 725 Rox
832 676 897 725 erat
923 667 1048 744 quidam
1074 667 1201 750 nomine

204 769 327 839 Aeotos
353 775 406 842 qui
434 772 562 842 rognum
591 766 750 826 Colchidis
780 766 833 826 illo
862 776 1000 844 tempore
1029 768 1198 828 obtinebat.

205 869 290 925 Huic
312 875 510 925 commissum
534 875 600 925 erat
615 866 713 924 vellus
733 865 809 924 illud
825 885 950 925 aureum
966 868 1049 944 quod
1069 869 1199 928 Phrixus

202 967 275 1026 olim
298 966 342 1026 ibi
356 967 529 1042 reliquerat.
574 966 744 1026 Constituit
762 966 854 1042 igitur
870 966 971 1026 Pelias
988 970 1094 1027 Iasoni
1108 977 1199 1045 nego

203 1066 279 1125 tium
303 1066 376 1125 dare
400 1076 434 1125 ut
456 1068 515 1126 hoc
531 1067 642 1126 vellere
664 1074 831 1143 potirotur:
854 1086 923 1125 cum
946 1067 1029 1125 enim
1050 1075 1098 1127 ros
1116 1079 1199 1128 esset

203 1176 307 1244 magni
331 1166 466 1243 periculi,
484 1168 629 1243 sporabat
651 1186 722 1225 eum
744 1166 775 1225 in
798 1167 907 1226 itinere
929 1167 1096 1243 peritorum
1111 1186 1198 1227 esse:

206 1269 350 1325 Iasonem
365 1266 457 1342 igitur
473 1267 513 1325 ad
528 1273 561 1325 so
577 1266 735 1326 arcessivit
751 1276 782 1326 et
798 1266 872 1343 quid
887 1267 953 1325 fieri
967 1267 1059 1325 vellet
1074 1267 1198 1327 domon-

194 1352 318 1425 stravit.
364 1368 459 1424 Iason
481 1376 592 1439 autem,
624 1366 785 1425 etsi-bene
807 1366 1006 1444 intellegebat
1035 1385 1099 1427 rem
1129 1386 1198 1427 esse

201 1464 420 1537 difficillimam,
437 1464 593 1542 negotium
609 1464 741 1525 libenter
756 1465 900 1541 suscepit.

328 1689 392 1749 117.
432 1678 493 1733 The
512 1678 652 1749 Building
671 1678 701 1732 of
726 1679 776 1734 the
795 1677 870 1734 Good
889 1678 962 1747 Ship
981 1678 1069 1750 Argo.

243 1822 322 1880 Cum
347 1830 451 1881 tamen
468 1821 593 1880 Colchis
617 1821 782 1880 multorum
798 1821 917 1885 dierum
938 1821 997 1880 iter
1017 1823 1056 1882 ab
1072 1831 1109 1882 eo
1127 1824 1196 1883 loco

200 1921 333 1993 abesset,
350 1921 450 1981 noluit
469 1924 562 1979 Iason
583 1921 668 1981 solus
687 1922 858 1998 proficisci:
881 1921 997 1981 dimisit
1014 1922 1106 1998 igitur
1121 1932 1195 1981 nun-

199 2020 260 2080 tios
275 2021 307 2081 in
322 2029 429 2080 omnes
445 2028 557 2098 partes,
571 2030 624 2098 qui
639 2041 763 2080 causam
779 2021 896 2080 itineris
912 2022 1059 2081 docerent
1071 2031 1101 2081 et
1113 2022 1194 2081 diem

199 2131 315 2180 eertum
338 2121 544 2181 conveniendi
566 2122 713 2181 dicerent.
759 2125 890 2195 Interea,
907 2132 1072 2199 postquam
1091 2122 1195 2181 omnia

200 2240 279 2298 quae
309 2231 381 2280 sunt
409 2231 478 2281 osui
502 2222 543 2280 ad
573 2222 736 2280 armandas
765 2229 860 2281 navos
885 2230 1069 2298 comportari
1094 2221 1192 2294 iussit,

199 2321 356 2398 negotium
383 2321 470 2380 dedit
500 2324 584 2398 Argo
608 2321 739 2392 cuidam,
771 2331 823 2397 qui
853 2340 1002 2380 summam
1032 2321 1193 2381 scientiam

198 2428 297 2480 rorum
313 2422 504 2481 nauticarum
520 2422 662 2494 habebat,
682 2432 714 2481 ut
730 2431 839 2481 navem
856 2422 1039 2481 aedificaret.
1092 2424 1129 2479 In
1145 2424 1193 2489 his

198 2522 290 2580 rebus
314 2521 434 2581 circiter
457 2522 566 2581 decem
590 2522 656 2581 dios
680 2529 855 2598 consumpti
876 2531 966 2581 sunt:
990 2525 1091 2598 Argus
1112 2523 1193 2580 enim

198 2630 251 2697 qui
274 2630 360 2698 operi
384 2630 523 2698 praeerat
547 2630 663 2679 tantam
690 2621 881 2697 diligentiam
905 2623 1081 2698 praebebat,
1103 2630 1193 2681 utne

197 2731 380 2780 nocturnum
393 2722 516 2797 quidem
532 2733 653 2798 tempus
669 2722 710 2780 ad
725 2721 861 2780 laborem
877 2720 1098 2780 intermitteret.
1143 2722 1194 2780 Ad

197 2820 423 2881 multitudinem
444 2821 603 2879 hominum
624 2822 895 2897 transportandam
912 2821 999 2880 novis
1019 2822 1112 2897 paulo
1128 2832 1193 2879 erat

197 2922 286 2980 lotior
301 2941 393 2998 quam
409 2921 521 2997 quibus
543 2921 573 2979 in
598 2929 705 2980 nostro
720 2931 797 2979 mari
815 2930 860 2980 uti
875 2921 1092 2980 consuevimus
1107 2930 1138 2980 et
1154 2921 1193 2980 ad

195 3021 258 3080 vim
273 3030 489 3098 tempestatum
505 3021 721 3096 perferendam
737 3028 803 3080 tota
819 3028 835 3079 o
851 3021 960 3080 robore
974 3021 1058 3080 iacta
1073 3030 1128 3080 est.

436 3227 500 3283 118.
542 3229 603 3283 The
622 3227 738 3283 Anchor
756 3228 784 3282 ia
804 3228 954 3299 Weighed.

238 3375 362 3431 Interea
390 3371 416 3429 is
447 3371 514 3430 dios
544 3370 711 3447 appetobat
742 3390 833 3446 quem
864 3374 958 3430 Iason
984 3391 1038 3447 per
1067 3371 1192 3431 nuntios

195 3473 332 3531 odixerat
355 3480 386 3530 et
407 3489 445 3529 ex
466 3470 609 3530 omnibus
632 3469 810 3547 regionibus
829 3471 978 3530 Graeciae
1001 3471 1096 3543 multi,
1114 3478 1192 3546 quos

195 3583 248 3644 aut
262 3581 306 3643 rei
324 3571 446 3643 novitas
466 3582 519 3631 aut
536 3578 609 3649 spes
624 3570 741 3649 gloriae
761 3571 914 3645 movebat,
932 3571 1068 3659 undique
1084 3589 1192 3641 conve
