<?xml version="1.0" encoding="UTF-8"?>
<!DOCTYPE html PUBLIC "-//W3C//DTD XHTML 1.0 Transitional//EN"
    "http://www.w3.org/TR/xhtml1/DTD/xhtml1-transitional.dtd">
<html xmlns="http://www.w3.org/1999/xhtml" xml:lang="en" lang="en">
 <head>
  <title>
</title>
<meta http-equiv="Content-Type" content="text/html;charset=utf-8" />
  <meta name='ocr-system' content='tesseract 3.04.00' />
  <meta name='ocr-capabilities' content='ocr_page ocr_carea ocr_par ocr_line ocrx_word'/>
</head>
<body>
  <div class='ocr_page' id='page_1' title='image "./newgradatimarev00heatgoog_0040.png"; bbox 0 0 2692 3959; ppageno 0'>
   <div class='ocr_carea' id='block_1_1' title="bbox 580 280 820 330">
    <p class='ocr_par' dir='ltr' id='par_1_1' title="bbox 580 280 820 330">
     <span class='ocr_line' id='line_1_1' title="bbox 580 280 820 330; baseline 0.008 -2"><span class='ocrx_word' id='word_1_1' title='bbox 580 280 820 330; x_wconf 70' lang='lat' dir='ltr'><em>ANECDOTES</em></span> 
     </span>
    </p>
   </div>
   <div class='ocr_carea' id='block_1_2' title="bbox 488 529 913 587">
    <p class='ocr_par' dir='ltr' id='par_1_2' title="bbox 488 529 913 587">
     <span class='ocr_line' id='line_1_2' title="bbox 488 529 913 587; baseline 0 -3"><span class='ocrx_word' id='word_1_2' title='bbox 488 529 536 584; x_wconf 83' lang='lat'>26.</span> <span class='ocrx_word' id='word_1_3' title='bbox 576 531 637 587; x_wconf 73' lang='lat' dir='ltr'>&#39;l&#39;he</span> <span class='ocrx_word' id='word_1_4' title='bbox 656 530 810 587; x_wconf 79' lang='lat' dir='ltr'>Vulture’s</span> <span class='ocrx_word' id='word_1_5' title='bbox 829 530 913 587; x_wconf 74' lang='lat' dir='ltr'>Ileat.</span> 
     </span>
    </p>
   </div>
   <div class='ocr_carea' id='block_1_3' title="bbox 207 674 1204 1152">
    <p class='ocr_par' dir='ltr' id='par_1_3' title="bbox 207 674 1204 1152">
     <span class='ocr_line' id='line_1_3' title="bbox 247 674 1201 751; baseline 0.001 -18"><span class='ocrx_word' id='word_1_6' title='bbox 247 676 356 734; x_wconf 89' lang='lat' dir='ltr'>Voltur</span> <span class='ocrx_word' id='word_1_7' title='bbox 374 674 445 733; x_wconf 73' lang='lat' dir='ltr'>alim</span> <span class='ocrx_word' id='word_1_8' title='bbox 463 674 593 734; x_wconf 88' lang='lat' dir='ltr'><strong>finxerat</strong></span> <span class='ocrx_word' id='word_1_9' title='bbox 610 675 716 733; x_wconf 87' lang='lat' dir='ltr'>nidum</span> <span class='ocrx_word' id='word_1_10' title='bbox 738 674 771 732; x_wconf 92' lang='lat' dir='ltr'>in</span> <span class='ocrx_word' id='word_1_11' title='bbox 793 674 854 734; x_wconf 76' lang='lat' dir='ltr'>alta</span> <span class='ocrx_word' id='word_1_12' title='bbox 877 684 908 735; x_wconf 93' lang='lat' dir='ltr'>et</span> <span class='ocrx_word' id='word_1_13' title='bbox 929 682 1092 751; x_wconf 75' lang='lat' dir='ltr'>praerupta</span> <span class='ocrx_word' id='word_1_14' title='bbox 1114 684 1201 751; x_wconf 67' lang='lat' dir='ltr'>nipe.</span> 
     </span>
     <span class='ocr_line' id='line_1_4' title="bbox 208 774 1204 851; baseline 0.001 -18"><span class='ocrx_word' id='word_1_15' title='bbox 208 777 270 834; x_wconf 88' lang='lat' dir='ltr'>Hic</span> <span class='ocrx_word' id='word_1_16' title='bbox 296 774 349 833; x_wconf 78' lang='lat' dir='ltr'>din</span> <span class='ocrx_word' id='word_1_17' title='bbox 373 774 497 850; x_wconf 78' lang='lat' dir='ltr'>impsme</span> <span class='ocrx_word' id='word_1_18' title='bbox 523 781 646 833; x_wconf 68' lang='lat' dir='ltr'>teneres</span> <span class='ocrx_word' id='word_1_19' title='bbox 669 774 769 851; x_wconf 70' lang='lat' dir='ltr'>pullds</span> <span class='ocrx_word' id='word_1_20' title='bbox 794 774 903 833; x_wconf 72' lang='lat' dir='ltr'>alebat.</span> <span class='ocrx_word' id='word_1_21' title='bbox 950 775 1049 851; x_wconf 87' lang='lat' dir='ltr'>Saepe</span> <span class='ocrx_word' id='word_1_22' title='bbox 1072 774 1204 834; x_wconf 71' lang='lat' dir='ltr'>iuvenes</span> 
     </span>
     <span class='ocr_line' id='line_1_5' title="bbox 207 873 1203 951; baseline -0.001 -16"><span class='ocrx_word' id='word_1_23' title='bbox 207 876 388 934; x_wconf 77' lang='lat' dir='ltr'>descensum</span> <span class='ocrx_word' id='word_1_24' title='bbox 404 874 444 933; x_wconf 93' lang='lat' dir='ltr'>ad</span> <span class='ocrx_word' id='word_1_25' title='bbox 459 873 564 933; x_wconf 89' lang='lat' dir='ltr'>nidum</span> <span class='ocrx_word' id='word_1_26' title='bbox 575 883 777 946; x_wconf 63' lang='lat' dir='ltr'>tentaverant,</span> <span class='ocrx_word' id='word_1_27' title='bbox 794 883 825 933; x_wconf 88' lang='lat' dir='ltr'>at</span> <span class='ocrx_word' id='word_1_28' title='bbox 835 874 956 945; x_wconf 65' lang='lat' dir='ltr'>frastra,</span> <span class='ocrx_word' id='word_1_29' title='bbox 969 874 1041 950; x_wconf 91' lang='lat' dir='ltr'>quia</span> <span class='ocrx_word' id='word_1_30' title='bbox 1052 893 1203 951; x_wconf 89' lang='lat' dir='ltr'>praeceps</span> 
     </span>
     <span class='ocr_line' id='line_1_6' title="bbox 207 973 1202 1051; baseline -0.001 -17"><span class='ocrx_word' id='word_1_31' title='bbox 207 975 350 1051; x_wconf 88' lang='lat' dir='ltr'>scopulus</span> <span class='ocrx_word' id='word_1_32' title='bbox 376 974 555 1033; x_wconf 73' lang='lat' dir='ltr'>imminebat</span> <span class='ocrx_word' id='word_1_33' title='bbox 581 984 611 1033; x_wconf 93' lang='lat' dir='ltr'>et</span> <span class='ocrx_word' id='word_1_34' title='bbox 640 974 757 1033; x_wconf 74' lang='lat' dir='ltr'>lflbrica</span> <span class='ocrx_word' id='word_1_35' title='bbox 786 992 860 1032; x_wconf 84' lang='lat' dir='ltr'>saxa</span> <span class='ocrx_word' id='word_1_36' title='bbox 885 974 1014 1051; x_wconf 86' lang='lat' dir='ltr'>vestigia</span> <span class='ocrx_word' id='word_1_37' title='bbox 1041 973 1202 1033; x_wconf 81' lang='lat' dir='ltr'>fallebant.</span> 
     </span>
     <span class='ocr_line' id='line_1_7' title="bbox 208 1073 1202 1152; baseline -0.001 -19"><span class='ocrx_word' id='word_1_38' title='bbox 208 1075 347 1134; x_wconf 84' lang='lat' dir='ltr'>Tandem</span> <span class='ocrx_word' id='word_1_39' title='bbox 363 1093 458 1133; x_wconf 86' lang='lat' dir='ltr'>senex</span> <span class='ocrx_word' id='word_1_40' title='bbox 473 1074 600 1134; x_wconf 74' lang='lat' dir='ltr'>iuvenes</span> <span class='ocrx_word' id='word_1_41' title='bbox 614 1075 663 1132; x_wconf 89' lang='lat' dir='ltr'>his</span> <span class='ocrx_word' id='word_1_42' title='bbox 678 1073 781 1133; x_wconf 85' lang='lat' dir='ltr'>verbis</span> <span class='ocrx_word' id='word_1_43' title='bbox 796 1073 916 1133; x_wconf 84' lang='lat' dir='ltr'>deridet</span> <span class='ocrx_word' id='word_1_44' title='bbox 929 1097 936 1146; x_wconf 92' lang='lat'>;</span> <span class='ocrx_word' id='word_1_45' title='bbox 972 1081 989 1107; x_wconf 90' lang='lat'><strong>“</strong></span> <span class='ocrx_word' id='word_1_46' title='bbox 1000 1075 1071 1147; x_wconf 80' lang='lat' dir='ltr'>cnr,</span> <span class='ocrx_word' id='word_1_47' title='bbox 1088 1084 1202 1152; x_wconf 75' lang='lat' dir='ltr'>ignavi,</span> 
     </span>
    </p>
   </div>
   <div class='ocr_carea' id='block_1_4' title="bbox 207 1173 1305 1252">
    <p class='ocr_par' dir='ltr' id='par_1_4' title="bbox 207 1173 1305 1252">
     <span class='ocr_line' id='line_1_8' title="bbox 207 1173 1305 1252; baseline -0.002 -17"><span class='ocrx_word' id='word_1_48' title='bbox 207 1176 375 1252; x_wconf 79' lang='lat' dir='ltr'>periculum</span> <span class='ocrx_word' id='word_1_49' title='bbox 404 1174 539 1233; x_wconf 70' lang='lat' dir='ltr'>timetis?</span> <span class='ocrx_word' id='word_1_50' title='bbox 576 1177 669 1233; x_wconf 85' lang='lat' dir='ltr'>ecce!</span> <span class='ocrx_word' id='word_1_51' title='bbox 706 1192 776 1233; x_wconf 87' lang='lat' dir='ltr'>mea</span> <span class='ocrx_word' id='word_1_52' title='bbox 804 1192 899 1249; x_wconf 85' lang='lat' dir='ltr'>parva</span> <span class='ocrx_word' id='word_1_53' title='bbox 929 1173 995 1233; x_wconf 80' lang='lat' dir='ltr'>filia</span> <span class='ocrx_word' id='word_1_54' title='bbox 1029 1174 1069 1232; x_wconf 90' lang='lat' dir='ltr'>ad</span> <span class='ocrx_word' id='word_1_55' title='bbox 1101 1175 1204 1233; x_wconf 90' lang='lat' dir='ltr'>locum</span> <span class='ocrx_word' id='word_1_56' title='bbox 1301 1229 1305 1239; x_wconf 74' lang='grc'><strong>,</strong></span> 
     </span>
    </p>
   </div>
   <div class='ocr_carea' id='block_1_5' title="bbox 208 1273 1206 1840">
    <p class='ocr_par' dir='ltr' id='par_1_5' title="bbox 208 1273 1206 1550">
     <span class='ocr_line' id='line_1_9' title="bbox 208 1273 1206 1346; baseline -0.002 -12"><span class='ocrx_word' id='word_1_57' title='bbox 208 1275 404 1334; x_wconf 75' lang='lat' dir='ltr'>descendet.”</span> <span class='ocrx_word' id='word_1_58' title='bbox 450 1277 582 1333; x_wconf 72' lang='lat' dir='ltr'>Iuvenes</span> <span class='ocrx_word' id='word_1_59' title='bbox 605 1282 663 1333; x_wconf 83' lang='lat' dir='ltr'>etsi</span> <span class='ocrx_word' id='word_1_60' title='bbox 685 1292 749 1333; x_wconf 88' lang='lat' dir='ltr'>rem</span> <span class='ocrx_word' id='word_1_61' title='bbox 769 1273 820 1331; x_wconf 83' lang='lat' dir='ltr'>vix</span> <span class='ocrx_word' id='word_1_62' title='bbox 842 1273 979 1346; x_wconf 73' lang='lat' dir='ltr'>credunt,</span> <span class='ocrx_word' id='word_1_63' title='bbox 995 1283 1098 1334; x_wconf 87' lang='lat' dir='ltr'>tamen</span> <span class='ocrx_word' id='word_1_64' title='bbox 1119 1294 1206 1333; x_wconf 91' lang='lat' dir='ltr'>man-</span> 
     </span>
     <span class='ocr_line' id='line_1_10' title="bbox 208 1373 1206 1451; baseline 0 -17"><span class='ocrx_word' id='word_1_65' title='bbox 208 1376 281 1434; x_wconf 76' lang='lat' dir='ltr'>data</span> <span class='ocrx_word' id='word_1_66' title='bbox 295 1375 362 1433; x_wconf 75' lang='lat' dir='ltr'>eius</span> <span class='ocrx_word' id='word_1_67' title='bbox 381 1383 540 1450; x_wconf 87' lang='lat' dir='ltr'>peragunt.</span> <span class='ocrx_word' id='word_1_68' title='bbox 586 1375 704 1450; x_wconf 75' lang='lat' dir='ltr'>Magna</span> <span class='ocrx_word' id='word_1_69' title='bbox 724 1392 855 1450; x_wconf 85' lang='lat' dir='ltr'>quercus</span> <span class='ocrx_word' id='word_1_70' title='bbox 877 1373 1076 1450; x_wconf 73' lang='lat' dir='ltr'>impendebat</span> <span class='ocrx_word' id='word_1_71' title='bbox 1097 1394 1206 1451; x_wconf 89' lang='lat' dir='ltr'>scopu-</span> 
     </span>
     <span class='ocr_line' id='line_1_11' title="bbox 208 1473 889 1550; baseline -0.003 -17"><span class='ocrx_word' id='word_1_72' title='bbox 208 1476 238 1534; x_wconf 83' lang='grc' dir='ltr'>Ιό</span> <span class='ocrx_word' id='word_1_73' title='bbox 252 1499 258 1547; x_wconf 83' lang='grc'>;</span> <span class='ocrx_word' id='word_1_74' title='bbox 281 1475 353 1533; x_wconf 86' lang='lat' dir='ltr'>huic</span> <span class='ocrx_word' id='word_1_75' title='bbox 367 1474 472 1532; x_wconf 69' lang='lat' dir='ltr'>limem</span> <span class='ocrx_word' id='word_1_76' title='bbox 488 1483 595 1550; x_wconf 88' lang='lat' dir='ltr'>aptant</span> <span class='ocrx_word' id='word_1_77' title='bbox 609 1483 640 1533; x_wconf 92' lang='lat' dir='ltr'>et</span> <span class='ocrx_word' id='word_1_78' title='bbox 654 1473 758 1532; x_wconf 90' lang='lat' dir='ltr'>omnia</span> <span class='ocrx_word' id='word_1_79' title='bbox 772 1483 889 1550; x_wconf 84' lang='lat' dir='ltr'>parant.</span> 
     </span>
    </p>

    <p class='ocr_par' dir='ltr' id='par_1_6' title="bbox 274 1606 1000 1672">
     <span class='ocr_line' id='line_1_12' title="bbox 274 1606 1000 1672; baseline -0.006 -14"><span class='ocrx_word' id='word_1_80' title='bbox 274 1607 400 1672; x_wconf 85' lang='lat' dir='ltr'>finxerat,</span> <span class='ocrx_word' id='word_1_81' title='bbox 413 1606 481 1655; x_wconf 82' lang='lat' dir='ltr'>from</span> <span class='ocrx_word' id='word_1_82' title='bbox 492 1607 573 1669; x_wconf 63' lang='lat' dir='ltr'>finge.</span> <span class='ocrx_word' id='word_1_83' title='bbox 797 1607 912 1671; x_wconf 73' lang='lat' dir='ltr'>ltbrica,</span> <span class='ocrx_word' id='word_1_84' title='bbox 927 1620 965 1667; x_wconf 85' lang='lat'>17,</span> <span class='ocrx_word' id='word_1_85' title='bbox 979 1619 1000 1672; x_wconf 82' lang='lat'>5.</span> 
     </span>
    </p>

    <p class='ocr_par' dir='ltr' id='par_1_7' title="bbox 275 1690 975 1756">
     <span class='ocr_line' id='line_1_13' title="bbox 275 1690 975 1756; baseline -0.004 -15"><span class='ocrx_word' id='word_1_86' title='bbox 275 1692 329 1756; x_wconf 86' lang='lat' dir='ltr'>hic,</span> <span class='ocrx_word' id='word_1_87' title='bbox 342 1693 371 1739; x_wconf 85' lang='lat' dir='ltr'>in</span> <span class='ocrx_word' id='word_1_88' title='bbox 383 1691 428 1739; x_wconf 76' lang='grc' dir='ltr'><em>Ιιῡε</em></span> <span class='ocrx_word' id='word_1_89' title='bbox 442 1691 499 1738; x_wconf 77' lang='grc' dir='ltr'><em>Ιοιᾶ.</em></span> <span class='ocrx_word' id='word_1_90' title='bbox 798 1690 903 1755; x_wconf 59' lang='lat' dir='ltr'>ignavi,</span> <span class='ocrx_word' id='word_1_91' title='bbox 919 1703 940 1745; x_wconf 80' lang='grc' dir='ltr'>Ι,</span> <span class='ocrx_word' id='word_1_92' title='bbox 955 1704 975 1739; x_wconf 87' lang='lat'>1.</span> 
     </span>
    </p>

    <p class='ocr_par' dir='ltr' id='par_1_8' title="bbox 274 1773 957 1840">
     <span class='ocr_line' id='line_1_14' title="bbox 274 1773 957 1840; baseline -0.003 -15"><span class='ocrx_word' id='word_1_93' title='bbox 274 1775 456 1839; x_wconf 68' lang='lat' dir='ltr'>tentaverant,</span> <span class='ocrx_word' id='word_1_94' title='bbox 471 1788 509 1830; x_wconf 87' lang='lat'>21,</span> <span class='ocrx_word' id='word_1_95' title='bbox 524 1788 545 1840; x_wconf 83' lang='lat'>5.</span> <span class='ocrx_word' id='word_1_96' title='bbox 799 1786 868 1838; x_wconf 86' lang='lat' dir='ltr'>ecce,</span> <span class='ocrx_word' id='word_1_97' title='bbox 885 1787 921 1831; x_wconf 87' lang='lat'>12,</span> <span class='ocrx_word' id='word_1_98' title='bbox 933 1773 957 1823; x_wconf 86' lang='lat'>8.</span> 
     </span>
    </p>
   </div>
   <div class='ocr_carea' id='block_1_6' title="bbox 392 1972 1015 2045">
    <p class='ocr_par' dir='ltr' id='par_1_9' title="bbox 392 1972 1015 2045">
     <span class='ocr_line' id='line_1_15' title="bbox 392 1972 1015 2045; baseline -0.002 -18"><span class='ocrx_word' id='word_1_99' title='bbox 392 1985 439 2045; x_wconf 85' lang='lat'>27.</span> <span class='ocrx_word' id='word_1_100' title='bbox 480 1972 541 2028; x_wconf 82' lang='lat' dir='ltr'>The</span> <span class='ocrx_word' id='word_1_101' title='bbox 559 1973 713 2029; x_wconf 83' lang='lat' dir='ltr'>vulture‘s</span> <span class='ocrx_word' id='word_1_102' title='bbox 732 1972 1015 2029; x_wconf 69' lang='lat' dir='ltr'>Nost—continued.</span> 
     </span>
    </p>
   </div>
   <div class='ocr_carea' id='block_1_7' title="bbox 209 2117 1207 3400">
    <p class='ocr_par' dir='ltr' id='par_1_10' title="bbox 209 2117 1207 3400">
     <span class='ocr_line' id='line_1_16' title="bbox 253 2117 1205 2195; baseline 0.003 -19"><span class='ocrx_word' id='word_1_103' title='bbox 253 2121 318 2176; x_wconf 94' lang='lat' dir='ltr'>lam</span> <span class='ocrx_word' id='word_1_104' title='bbox 341 2136 435 2176; x_wconf 90' lang='lat' dir='ltr'>senex</span> <span class='ocrx_word' id='word_1_105' title='bbox 457 2123 563 2176; x_wconf 66' lang='lat' dir='ltr'>tenere</span> <span class='ocrx_word' id='word_1_106' title='bbox 585 2126 706 2193; x_wconf 89' lang='lat' dir='ltr'>corpori</span> <span class='ocrx_word' id='word_1_107' title='bbox 721 2117 849 2195; x_wconf 84' lang='lat' dir='ltr'>virginis</span> <span class='ocrx_word' id='word_1_108' title='bbox 870 2119 975 2177; x_wconf 74' lang='lat' dir='ltr'>innem</span> <span class='ocrx_word' id='word_1_109' title='bbox 997 2125 1086 2177; x_wconf 78' lang='lat' dir='ltr'>caute</span> <span class='ocrx_word' id='word_1_110' title='bbox 1109 2128 1205 2195; x_wconf 86' lang='lat' dir='ltr'>aptat.</span> 
     </span>
     <span class='ocr_line' id='line_1_17' title="bbox 210 2216 1205 2293; baseline 0.002 -17"><span class='ocrx_word' id='word_1_111' title='bbox 210 2220 289 2276; x_wconf 93' lang='lat' dir='ltr'>Tum</span> <span class='ocrx_word' id='word_1_112' title='bbox 313 2237 366 2276; x_wconf 88' lang='lat' dir='ltr'>sex</span> <span class='ocrx_word' id='word_1_113' title='bbox 395 2216 488 2276; x_wconf 89' lang='lat' dir='ltr'>validi</span> <span class='ocrx_word' id='word_1_114' title='bbox 517 2216 643 2276; x_wconf 76' lang='lat' dir='ltr'>iuvenes</span> <span class='ocrx_word' id='word_1_115' title='bbox 672 2236 741 2275; x_wconf 90' lang='lat' dir='ltr'>eam</span> <span class='ocrx_word' id='word_1_116' title='bbox 770 2236 808 2276; x_wconf 85' lang='lat' dir='ltr'>ex</span> <span class='ocrx_word' id='word_1_117' title='bbox 837 2217 898 2277; x_wconf 75' lang='lat' dir='ltr'>alta</span> <span class='ocrx_word' id='word_1_118' title='bbox 927 2226 1001 2293; x_wconf 76' lang='lat' dir='ltr'>n&#39;ipe</span> <span class='ocrx_word' id='word_1_119' title='bbox 1030 2218 1205 2278; x_wconf 77' lang='lat' dir='ltr'>demittunt.</span> 
     </span>
     <span class='ocr_line' id='line_1_18' title="bbox 210 2316 1206 2393; baseline 0 -16"><span class='ocrx_word' id='word_1_120' title='bbox 210 2319 326 2377; x_wconf 76' lang='lat' dir='ltr'>Omnes</span> <span class='ocrx_word' id='word_1_121' title='bbox 343 2316 429 2376; x_wconf 85' lang='lat' dir='ltr'>taciti</span> <span class='ocrx_word' id='word_1_122' title='bbox 449 2324 592 2376; x_wconf 74' lang='lat' dir='ltr'>eventum</span> <span class='ocrx_word' id='word_1_123' title='bbox 613 2326 814 2393; x_wconf 88' lang='lat' dir='ltr'>exspectant;</span> <span class='ocrx_word' id='word_1_124' title='bbox 838 2326 869 2376; x_wconf 89' lang='lat' dir='ltr'>at</span> <span class='ocrx_word' id='word_1_125' title='bbox 889 2317 940 2375; x_wconf 88' lang='lat' dir='ltr'>illa</span> <span class='ocrx_word' id='word_1_126' title='bbox 960 2323 1067 2376; x_wconf 76' lang='lat' dir='ltr'>secfira</span> <span class='ocrx_word' id='word_1_127' title='bbox 1086 2318 1206 2377; x_wconf 74' lang='lat' dir='ltr'>aerium</span> 
     </span>
     <span class='ocr_line' id='line_1_19' title="bbox 209 2416 1204 2495; baseline 0.002 -19"><span class='ocrx_word' id='word_1_128' title='bbox 209 2418 266 2478; x_wconf 90' lang='lat' dir='ltr'>iter</span> <span class='ocrx_word' id='word_1_129' title='bbox 294 2416 394 2495; x_wconf 84' lang='lat' dir='ltr'>pergit</span> <span class='ocrx_word' id='word_1_130' title='bbox 423 2426 453 2476; x_wconf 92' lang='lat' dir='ltr'>et</span> <span class='ocrx_word' id='word_1_131' title='bbox 481 2424 594 2493; x_wconf 67' lang='lat' dir='ltr'>magns)</span> <span class='ocrx_word' id='word_1_132' title='bbox 623 2424 715 2476; x_wconf 74' lang='lat' dir='ltr'>contd</span> <span class='ocrx_word' id='word_1_133' title='bbox 745 2417 885 2476; x_wconf 78' lang='lat' dir='ltr'>defendit</span> <span class='ocrx_word' id='word_1_134' title='bbox 913 2424 1020 2476; x_wconf 75' lang='lat' dir='ltr'>acntns</span> <span class='ocrx_word' id='word_1_135' title='bbox 1050 2420 1204 2494; x_wconf 71' lang='lat' dir='ltr'>scopulde</span> 
     </span>
     <span class='ocr_line' id='line_1_20' title="bbox 211 2516 1204 2594; baseline 0.001 -17"><span class='ocrx_word' id='word_1_136' title='bbox 211 2521 277 2577; x_wconf 87' lang='lat' dir='ltr'>Iam</span> <span class='ocrx_word' id='word_1_137' title='bbox 292 2517 432 2594; x_wconf 87' lang='lat' dir='ltr'>pervenit</span> <span class='ocrx_word' id='word_1_138' title='bbox 446 2516 486 2575; x_wconf 89' lang='lat' dir='ltr'>ad</span> <span class='ocrx_word' id='word_1_139' title='bbox 501 2517 606 2574; x_wconf 85' lang='lat' dir='ltr'>nidum</span> <span class='ocrx_word' id='word_1_140' title='bbox 621 2526 653 2576; x_wconf 86' lang='lat' dir='ltr'>et</span> <span class='ocrx_word' id='word_1_141' title='bbox 667 2516 774 2576; x_wconf 75' lang='lat' dir='ltr'>dextra</span> <span class='ocrx_word' id='word_1_142' title='bbox 798 2535 925 2593; x_wconf 89' lang='lat' dir='ltr'>parvum</span> <span class='ocrx_word' id='word_1_143' title='bbox 940 2516 1088 2577; x_wconf 84' lang='lat' dir='ltr'>volturem</span> <span class='ocrx_word' id='word_1_144' title='bbox 1108 2527 1204 2578; x_wconf 91' lang='lat' dir='ltr'>tenet.</span> 
     </span>
     <span class='ocr_line' id='line_1_21' title="bbox 211 2615 1205 2694; baseline 0 -17"><span class='ocrx_word' id='word_1_145' title='bbox 211 2618 318 2677; x_wconf 88' lang='lat' dir='ltr'><strong>Statim</strong></span> <span class='ocrx_word' id='word_1_146' title='bbox 334 2617 387 2676; x_wconf 92' lang='lat' dir='ltr'>dat</span> <span class='ocrx_word' id='word_1_147' title='bbox 402 2625 522 2694; x_wconf 87' lang='lat' dir='ltr'>signum</span> <span class='ocrx_word' id='word_1_148' title='bbox 537 2615 661 2675; x_wconf 76' lang='lat' dir='ltr'>reditfis.</span> <span class='ocrx_word' id='word_1_149' title='bbox 707 2619 749 2675; x_wconf 90' lang='lat' dir='ltr'>At</span> <span class='ocrx_word' id='word_1_150' title='bbox 766 2626 852 2692; x_wconf 88' lang='lat' dir='ltr'>pater</span> <span class='ocrx_word' id='word_1_151' title='bbox 871 2617 971 2676; x_wconf 85' lang='lat' dir='ltr'>voltur</span> <span class='ocrx_word' id='word_1_152' title='bbox 990 2617 1076 2677; x_wconf 90' lang='lat' dir='ltr'>audit</span> <span class='ocrx_word' id='word_1_153' title='bbox 1095 2624 1205 2678; x_wconf 75' lang='lat' dir='ltr'>vdcem</span> 
     </span>
     <span class='ocr_line' id='line_1_22' title="bbox 209 2716 1206 2795; baseline 0.002 -20"><span class='ocrx_word' id='word_1_154' title='bbox 209 2718 303 2795; x_wconf 79' lang='lat' dir='ltr'>prdlis</span> <span class='ocrx_word' id='word_1_155' title='bbox 319 2727 350 2777; x_wconf 88' lang='lat' dir='ltr'>et</span> <span class='ocrx_word' id='word_1_156' title='bbox 364 2723 476 2794; x_wconf 74' lang='lat' dir='ltr'>magud</span> <span class='ocrx_word' id='word_1_157' title='bbox 492 2717 635 2793; x_wconf 64' lang='lat' dir='ltr'>clangore</span> <span class='ocrx_word' id='word_1_158' title='bbox 661 2716 794 2792; x_wconf 85' lang='lat' dir='ltr'>puellam</span> <span class='ocrx_word' id='word_1_159' title='bbox 812 2716 896 2793; x_wconf 91' lang='lat' dir='ltr'>petit.</span> <span class='ocrx_word' id='word_1_160' title='bbox 942 2716 1000 2775; x_wconf 93' lang='lat' dir='ltr'>Illa</span> <span class='ocrx_word' id='word_1_161' title='bbox 1016 2728 1128 2788; x_wconf 89' lang='lat' dir='ltr'>tamen,</span> <span class='ocrx_word' id='word_1_162' title='bbox 1145 2729 1206 2778; x_wconf 86' lang='lat' dir='ltr'>etsi</span> 
     </span>
     <span class='ocr_line' id='line_1_23' title="bbox 209 2816 1206 2894; baseline 0.001 -17"><span class='ocrx_word' id='word_1_163' title='bbox 209 2826 293 2878; x_wconf 87' lang='lat' dir='ltr'>saevi</span> <span class='ocrx_word' id='word_1_164' title='bbox 318 2817 399 2877; x_wconf 76' lang='lat' dir='ltr'>alitis</span> <span class='ocrx_word' id='word_1_165' title='bbox 423 2824 542 2894; x_wconf 77' lang='lat' dir='ltr'>ungues</span> <span class='ocrx_word' id='word_1_166' title='bbox 565 2825 688 2876; x_wconf 69' lang='lat' dir='ltr'>teneras</span> <span class='ocrx_word' id='word_1_167' title='bbox 711 2826 819 2875; x_wconf 74' lang='lat' dir='ltr'>mansis</span> <span class='ocrx_word' id='word_1_168' title='bbox 844 2816 1021 2890; x_wconf 85' lang='lat' dir='ltr'>dilacerant,</span> <span class='ocrx_word' id='word_1_169' title='bbox 1045 2818 1143 2877; x_wconf 60' lang='lat' dir='ltr'>cultri)</span> <span class='ocrx_word' id='word_1_170' title='bbox 1170 2827 1206 2878; x_wconf 75' lang='lat' dir='ltr'>se</span> 
     </span>
     <span class='ocr_line' id='line_1_24' title="bbox 209 2916 1207 2993; baseline 0.002 -16"><span class='ocrx_word' id='word_1_171' title='bbox 209 2917 349 2977; x_wconf 77' lang='lat' dir='ltr'>defendit</span> <span class='ocrx_word' id='word_1_172' title='bbox 378 2936 434 2976; x_wconf 92' lang='lat' dir='ltr'>nec</span> <span class='ocrx_word' id='word_1_173' title='bbox 463 2917 609 2993; x_wconf 88' lang='lat' dir='ltr'>praedam</span> <span class='ocrx_word' id='word_1_174' title='bbox 639 2916 779 2976; x_wconf 83' lang='lat' dir='ltr'>demittit.</span> <span class='ocrx_word' id='word_1_175' title='bbox 845 2918 911 2975; x_wconf 93' lang='lat' dir='ltr'>Iam</span> <span class='ocrx_word' id='word_1_176' title='bbox 941 2917 1068 2977; x_wconf 73' lang='lat' dir='ltr'>iuvenes</span> <span class='ocrx_word' id='word_1_177' title='bbox 1096 2917 1207 2979; x_wconf 86' lang='lat' dir='ltr'>vident</span> 
     </span>
     <span class='ocr_line' id='line_1_25' title="bbox 209 3016 1207 3095; baseline 0.003 -18"><span class='ocrx_word' id='word_1_178' title='bbox 209 3018 377 3095; x_wconf 85' lang='lat' dir='ltr'>periculum</span> <span class='ocrx_word' id='word_1_179' title='bbox 396 3017 516 3093; x_wconf 85' lang='lat' dir='ltr'>puellae</span> <span class='ocrx_word' id='word_1_180' title='bbox 534 3017 785 3094; x_wconf 87' lang='lat' dir='ltr'>ingeminantque</span> <span class='ocrx_word' id='word_1_181' title='bbox 805 3016 950 3077; x_wconf 76' lang='lat' dir='ltr'>labdrem.</span> <span class='ocrx_word' id='word_1_182' title='bbox 1007 3019 1082 3077; x_wconf 84' lang='lat' dir='ltr'>Mox</span> <span class='ocrx_word' id='word_1_183' title='bbox 1104 3018 1207 3080; x_wconf 89' lang='lat' dir='ltr'>laetus</span> 
     </span>
     <span class='ocr_line' id='line_1_26' title="bbox 209 3117 833 3195; baseline -0.003 -17"><span class='ocrx_word' id='word_1_184' title='bbox 209 3128 295 3195; x_wconf 88' lang='lat' dir='ltr'>pater</span> <span class='ocrx_word' id='word_1_185' title='bbox 311 3117 459 3177; x_wconf 69' lang='lat' dir='ltr'>audacem</span> <span class='ocrx_word' id='word_1_186' title='bbox 474 3117 569 3176; x_wconf 85' lang='lat' dir='ltr'>filiam</span> <span class='ocrx_word' id='word_1_187' title='bbox 585 3118 727 3194; x_wconf 76' lang='lat' dir='ltr'>amplexfl</span> <span class='ocrx_word' id='word_1_188' title='bbox 741 3126 833 3177; x_wconf 90' lang='lat' dir='ltr'>tenet.</span> 
     </span>
     <span class='ocr_line' id='line_1_27' title="bbox 275 3251 956 3316; baseline -0.006 -13"><span class='ocrx_word' id='word_1_189' title='bbox 275 3251 340 3316; x_wconf 79' lang='lat' dir='ltr'>iam,</span> <span class='ocrx_word' id='word_1_190' title='bbox 354 3265 376 3314; x_wconf 89' lang='lat'>7,</span> <span class='ocrx_word' id='word_1_191' title='bbox 392 3266 413 3299; x_wconf 92' lang='lat'>1.</span> <span class='ocrx_word' id='word_1_192' title='bbox 795 3251 876 3316; x_wconf 81' lang='lat' dir='ltr'>petit,</span> <span class='ocrx_word' id='word_1_193' title='bbox 892 3266 929 3315; x_wconf 82' lang='lat'>13,</span> <span class='ocrx_word' id='word_1_194' title='bbox 942 3264 956 3314; x_wconf 89' lang='lat'>7</span> 
     </span>
     <span class='ocr_line' id='line_1_28' title="bbox 275 3334 949 3400; baseline -0.001 -15"><span class='ocrx_word' id='word_1_195' title='bbox 275 3334 373 3400; x_wconf 79' lang='lat' dir='ltr'>pergit,</span> <span class='ocrx_word' id='word_1_196' title='bbox 389 3334 427 3392; x_wconf 86' lang='lat'>16,</span> <span class='ocrx_word' id='word_1_197' title='bbox 441 3347 462 3399; x_wconf 83' lang='lat'>5.</span> <span class='ocrx_word' id='word_1_198' title='bbox 796 3336 859 3399; x_wconf 85' lang='lat' dir='ltr'>etsi,</span> <span class='ocrx_word' id='word_1_199' title='bbox 874 3335 912 3392; x_wconf 89' lang='lat'>26,</span> <span class='ocrx_word' id='word_1_200' title='bbox 925 3349 949 3396; x_wconf 90' lang='lat'>7.</span> 
     </span>
    </p>
   </div>
   <div class='ocr_carea' id='block_1_8' title="bbox 274 3416 979 3566">
    <p class='ocr_par' dir='ltr' id='par_1_11' title="bbox 274 3416 979 3566">
     <span class='ocr_line' id='line_1_29' title="bbox 274 3416 958 3482; baseline -0.007 -13"><span class='ocrx_word' id='word_1_201' title='bbox 274 3419 378 3482; x_wconf 69' lang='lat' dir='ltr'>acates,</span> <span class='ocrx_word' id='word_1_202' title='bbox 391 3416 424 3465; x_wconf 86' lang='lat' dir='ltr'>cf.</span> <span class='ocrx_word' id='word_1_203' title='bbox 436 3418 511 3473; x_wconf 85' lang='lat' dir='ltr'>acuit,</span> <span class='ocrx_word' id='word_1_204' title='bbox 523 3430 560 3480; x_wconf 88' lang='lat'>19,</span> <span class='ocrx_word' id='word_1_205' title='bbox 573 3430 596 3477; x_wconf 91' lang='lat'>7.</span> <span class='ocrx_word' id='word_1_206' title='bbox 794 3417 882 3482; x_wconf 74' lang='lat' dir='ltr'>ilitio,</span> <span class='ocrx_word' id='word_1_207' title='bbox 895 3419 958 3465; x_wconf 84' lang='lat' dir='ltr'><em>avis.</em></span> 
     </span>
     <span class='ocr_line' id='line_1_30' title="bbox 275 3498 979 3566; baseline -0.004 -16"><span class='ocrx_word' id='word_1_208' title='bbox 275 3500 369 3566; x_wconf 72' lang='grc' dir='ltr'>ρῐῦῑίε,</span> <span class='ocrx_word' id='word_1_209' title='bbox 382 3500 526 3562; x_wconf 71' lang='lat' dir='ltr'>pulldrum,</span> <span class='ocrx_word' id='word_1_210' title='bbox 541 3498 579 3556; x_wconf 84' lang='lat'>26,</span> <span class='ocrx_word' id='word_1_211' title='bbox 593 3512 616 3547; x_wconf 88' lang='lat'>2.</span> <span class='ocrx_word' id='word_1_212' title='bbox 796 3500 890 3562; x_wconf 73' lang='lat' dir='ltr'>culttd,</span> <span class='ocrx_word' id='word_1_213' title='bbox 906 3513 944 3560; x_wconf 85' lang='lat'>19,</span> <span class='ocrx_word' id='word_1_214' title='bbox 955 3498 979 3550; x_wconf 90' lang='lat'>6.</span> 
     </span>
    </p>
   </div>
   <div class='ocr_carea' id='block_1_9' title="bbox 0 0 1353 3959">
    <p class='ocr_par' dir='ltr' id='par_1_12' title="bbox 0 0 1353 3959">
     <span class='ocr_line' id='line_1_31' title="bbox 0 0 1353 3959; baseline 0 0"><span class='ocrx_word' id='word_1_215' title='bbox 0 0 1353 3959; x_wconf 95' lang='lat' dir='ltr'> </span> 
     </span>
    </p>
   </div>
  </div>
 </body>
</html>
