2692 3959
165 291 199 343 98
499 292 577 340 THE
599 291 837 341 ARGONAUTS.

165 459 335 536 cupiditate
352 460 513 531 adductus,
531 465 593 518 nun
610 459 703 518 modo
718 459 844 518 fratrem
860 478 949 518 suum
964 459 1089 537 expulit,
1106 460 1163 519 sed

166 560 258 619 etiam
282 560 314 617 in
338 560 442 619 animd
460 559 605 632 habebat,
623 561 778 632 Iasonem,
796 558 930 618 Aesonis
948 559 1055 632 tilium,
1072 559 1162 619 inter-

165 661 265 719 ficere.
311 660 445 733 Quidam
460 668 564 718 tamen
579 678 617 717 ex
633 668 740 718 amicis
753 658 896 732 Aesonis,
908 659 960 719 ubi
976 660 1162 719 sententiam

167 760 269 819 Peliae
285 760 510 832 intellexerunt,
527 778 654 836 puerum
670 766 687 818 ἐ
703 767 790 819 tanta
808 760 944 836 pericula
960 759 1076 837 eripere
1091 767 1163 820 cun-

166 860 339 920 stituerunt.
386 862 489 918 Noctu
504 860 595 935 igitur
616 862 762 918 Iasonem
778 878 815 918 ex
831 860 906 919 urbe
922 860 1115 919 abstulerunt
1130 870 1161 920 et

166 980 235 1019 cum
253 968 380 1037 postem
401 959 451 1019 die
476 960 517 1018 ad
538 966 641 1036 regem
664 959 840 1032 rediissent,
857 969 886 1019 ei
910 960 1162 1019 renuntiaverunt

165 1079 293 1136 puerum
309 1069 462 1119 mortuum
478 1078 557 1118 esse.
603 1059 714 1131 Pelias
728 1078 798 1118 cum
813 1061 891 1118 haec
906 1059 1085 1132 audivisset,
1102 1060 1176 1140 etsi·¹

165 1168 197 1219 re
226 1168 298 1219 vera
325 1169 469 1237 magnum
493 1159 640 1237 gaudium
667 1160 866 1237 percipiebat,
892 1159 1028 1236 speciem
1056 1169 1161 1220 tamen

165 1260 281 1320 doloris
296 1261 437 1337 praebuit
452 1269 484 1319 et
495 1279 574 1336 quae
586 1279 682 1319 causa
697 1271 781 1319 esset
796 1260 902 1319 mortis
915 1259 1075 1336 quaesivit.
1111 1260 1162 1319 Illi

164 1370 276 1433 tamen,
294 1380 363 1419 cum
385 1362 465 1421 bene
485 1361 699 1438 intellegerent
715 1361 852 1420 dolerem
868 1360 934 1420 eius
952 1360 1065 1420 falsum
1080 1378 1159 1433 esse,

165 1460 270 1520 nesciri
286 1480 378 1538 quam
392 1460 528 1542 fabulam
544 1462 583 1519 de
599 1470 696 1520 morte
711 1470 798 1537 pueri
812 1461 978 1521 finxerunt.

412 1681 475 1740 115.
516 1667 543 1722 Α
561 1668 690 1724 careless
710 1668 911 1740 Shoe-String.

207 1815 281 1872 Post
310 1813 403 1871 breve
430 1822 551 1888 tempus
577 1812 687 1884 Pelias,
711 1812 826 1871 veritus
853 1819 891 1871 ne
916 1820 1044 1889 regnum
1069 1832 1159 1872 suum

163 1921 250 1971 tanta
266 1923 296 1970 vi
312 1922 342 1971 et
357 1913 466 1971 fraude
478 1921 662 1988 occupatum
678 1913 841 1985 amitteret,
855 1921 987 1971 amicum
1003 1913 1158 1988 quendam

165 2011 305 2088 Delphus
321 2012 411 2083 misit,
426 2022 479 2088 qui
491 2012 647 2071 &taculum
660 2013 845 2072 cr'tnsuleret.
892 2012 948 2071 Ille
964 2012 1054 2089 igitur
1066 2031 1158 2088 quam

164 2112 321 2170 celerrime
338 2111 479 2188 Delphus
495 2119 528 2170 se
541 2112 673 2171 contulit
683 2122 714 2171 et
727 2132 819 2189 quam
831 2113 871 2172 ob
884 2131 1010 2171 causam
1021 2112 1160 2172 venisset

163 2212 394 2271 demdnstravit.
441 2213 616 2290 Respondit
632 2213 790 2273 (naculum
810 2213 927 2272 nullum
942 2231 1011 2271 esse
1027 2211 1057 2270 in
1074 2231 1159 2289 prae-

163 2311 264 2370 sentia
276 2312 462 2388 perieulum:
486 2312 605 2372 monuit
617 2323 721 2372 tamen
738 2313 853 2372 Peliam
864 2323 906 2384 ut,
920 2321 946 2371 si
959 2312 1028 2390 quis
1039 2321 1159 2372 veniret

162 2412 300 2470 calceum
319 2420 413 2470 unum
428 2420 547 2488 gerens
565 2432 635 2472 eum
651 2420 782 2472 caveret.
829 2416 903 2472 Post
926 2420 1043 2488 paucds
1058 2420 1158 2473 annds

162 2511 275 2570 accidit
305 2520 338 2570 ut
370 2512 471 2570 Pelias
502 2521 645 2589 magnum
676 2512 858 2574 sacrificium
888 2513 1026 2574 facturus
1056 2522 1157 2575 esset:

161 2611 287 2671 nuntius
310 2612 341 2668 in
365 2618 473 2672 omnes
497 2620 600 2688 partes
619 2613 777 2672 dimiserat
795 2623 826 2672 et
850 2622 966 2671 certum
987 2612 1069 2671 diem
1087 2632 1158 2671 con·
1185 2659 1188 2664 .

160 2711 305 2770 veniendi
320 2711 447 2770 dixerat.
494 2712 552 2771 Die
568 2712 737 2771 cunstitntr'r
752 2721 882 2789 magnus
902 2730 1047 2770 numerus
1062 2712 1158 2770 homi-

161 2830 234 2870 num
258 2810 394 2887 undique
410 2831 447 2870 ex
462 2821 544 2888 agris
559 2812 722 2870 convenit:
745 2811 825 2870 inter
847 2812 925 2871 alir'rs
948 2822 1051 2870 autem
1072 2811 1157 2871 venit

160 2911 253 2969 etiam
277 2914 373 2973 Iasr‘m
388 2921 441 2987 qui
456 2920 475 2973 a
490 2919 586 2988 puers)
602 2913 686 2988 apud
701 2913 891 2971 Centaurum
907 2912 1062 2989 quendam
1076 2921 1158 2975 vixev

159 3021 215 3069 rat.
252 3013 333 3068 Dum
345 3020 449 3071 tamen
462 3011 518 3070 iter
529 3012 613 3084 facit,
628 3013 765 3075 calceum
778 3012 907 3071 alterum
920 3011 953 3070 in
965 3011 1156 3073 transeundi)

160 3110 265 3170 nescis)
281 3117 342 3186 qus>
357 3109 481 3176 flumine
496 3112 607 3171 amisit.

367 3395 371 3400 Δ
447 3322 511 3383 116.
552 3323 613 3380 The
636 3323 742 3380 Golden
764 3323 870 3380 Fleeoe.

201 3466 295 3524 Iasr'rn
310 3463 409 3541 igitur,
421 3483 490 3525 cum
506 3466 643 3524 calceum
655 3476 802 3526 amissum
819 3467 904 3527 nullu
915 3469 1009 3528 modi>
1018 3466 1155 3544 recipere

157 3573 273 3640 posset,
292 3564 388 3624 alters>
411 3565 491 3648 pede
508 3565 592 3631 usrdr‘t
607 3565 637 3628 in
657 3565 773 3649 regiam
787 3568 947 3651 pervenit:
979 3587 1069 3651 quem
1085 3587 1156 3628 cum
