2692 3959
570 310 729 359 ANECDO
736 309 810 358 TES.
1158 307 1189 358 23

191 475 348 549 Quantam
366 486 399 535 tu
418 477 562 535 mulctam
582 477 710 535 domino
729 477 816 535 canis
837 475 1019 552 imponis?''
1067 484 1084 509 “
1097 476 1190 549 Quat·

190 585 261 635 tuor
279 576 396 648 assos,''
418 577 578 653 respondit
595 576 737 636 Roscius,
784 578 860 635 “Do
875 575 950 633 mihi
966 575 1057 652 igitur
1072 577 1190 648 asseS,''

191 675 292 751 inquit
313 675 368 749 vir,
386 683 484 735 “tuus
511 676 593 735 enim
618 676 706 736 canis
733 686 798 735 erat
824 677 925 734 reus.’'
972 678 1061 735 “Ros
1091 694 1191 752 aequa

192 776 270 848 est,'’
286 775 396 835 iterum
411 776 572 852 respondit
589 777 732 849 Roscius,
751 784 811 835 “et
827 775 959 835 libenter
974 774 1031 834 tibi
1047 785 1192 852 quattuor

192 883 279 935 assos
295 876 386 936 dabo.
431 879 522 935 Atto
540 886 671 952 primum
692 884 819 935 numero
839 875 913 933 mihi
933 884 1070 953 quinque
1093 883 1189 949 assos,

192 995 359 1052 numquam
395 977 478 1035 enim
510 976 719 1037 iorisconsulti
755 976 822 1036 sine
858 976 1000 1035 mercode
1037 976 1113 1035 daut
1148 995 1191 1035 re·

193 1077 339 1153 sponsa.’'

259 1195 403 1261 quondam,
416 1197 563 1260 aliquando,
579 1210 599 1253 1,
614 1209 636 1260 3.
782 1196 889 1261 divitis,
909 1196 979 1244 from
996 1196 1085 1254 dives;
1103 1194 1136 1244 cf.
1155 1196 1191 1244 da·-

259 1278 381 1350 occurrit,
394 1279 427 1327 cf.
439 1281 530 1337 currit,
546 1293 582 1341 14,
595 1293 619 1342 9.
816 1281 901 1336 viticis,
917 1292 938 1344 5,
952 1278 974 1327 6.

558 1362 653 1427 igitur,
669 1376 706 1428 15,
719 1364 750 1423 63
770 1375 791 1428 5,
805 1376 828 1423 7.

486 1591 531 1648 19.
571 1578 633 1634 The
650 1578 758 1649 Young
778 1578 897 1634 Shaver.

236 1723 381 1796 Glaucus,
405 1743 481 1800 puer
503 1724 691 1797 Corinthius,
714 1724 888 1783 adultorum
902 1722 1069 1782 'hominum
1091 1730 1191 1783 moros

194 1842 316 1899 semper
337 1824 503 1896 induobat3
532 1844 604 1883 nam
626 1835 730 1902 togam
753 1824 869 1883 virilem
896 1824 986 1900 volgo
1011 1825 1139 1901 gerobat
1161 1834 1192 1883 et

194 1942 286 2000 saepe
305 1924 455 1982 tondebat
477 1925 584 1983 mollos
606 1932 713 2001 genas.
759 1924 925 1997 Quondam
948 1923 1073 1983 intravit
1094 1924 1192 1982 taber-

194 2042 266 2081 nam
287 2024 437 2099 praeclori
459 2024 602 2097 tonsoriS,
620 2033 650 2084 et
672 2033 785 2102 mogno
806 2032 881 2084 voce.
898 2024 1066 2095 “Tondo,''
1082 2022 1190 2100 inquit,

195 2129 323 2182 “meam
344 2124 473 2183 barbam
496 2124 563 2182 sine
586 2125 702 2184 moro.''
746 2126 876 2196 Tonsor,
893 2124 939 2183 vir
954 2124 1087 2195 iocosus,
1103 2133 1193 2200 parat

194 2241 326 2300 aquam,
358 2223 485 2282 obdocit
506 2233 644 2283 mentum
666 2213 786 2283 iuuenis
809 2232 917 2301 spuma
939 2223 1032 2295 alba'13
1062 2223 1192 2281 cultrum

194 2322 297 2396 acuit;
326 2331 484 2400 postremo
507 2324 592 2383 vadit
614 2324 654 2382 ad
680 2334 809 2400 portam,
836 2323 992 2400 habetque
1018 2330 1191 2383 sermonem

194 2441 264 2481 cum
280 2432 395 2482 amicis.
441 2426 543 2482 Primo
573 2424 710 2483 Glaucus
740 2443 804 2482 rem
833 2423 987 2500 patienter
1015 2423 1191 2495 tolerabat,

193 2522 321 2581 tandem
335 2530 398 2582 non
414 2524 552 2582 continet
568 2533 653 2597 iram,
670 2525 727 2583 sed
747 2543 871 2583 causam
889 2542 992 2582 morae
1013 2522 1190 2599 postulavit.

196 2629 213 2656 ‘⁴
222 2623 294 2695 At,”
310 2624 471 2699 respondit
485 2632 601 2697 tonsor,
620 2631 637 2658 ‘⁴
649 2634 734 2683 tuam
749 2624 877 2683 barbam
893 2624 1070 2700 exspecto.’'

261 2757 380 2820 gerobat,
396 2769 434 2818 17,
448 2770 470 2803 2.
785 2758 930 2821 postromo,
944 2756 1058 2820 denique,
1074 2769 1111 2813 12,
1127 2769 1164 2803 11.

260 2839 366 2904 mullos,
379 2845 486 2887 renem
784 2841 929 2905 tolerabat,
945 2852 982 2899 14,
997 2852 1019 2903 3.

260 2922 406 2986 quondam,
423 2921 459 2979 18,
474 2937 495 2969 2.
785 2924 906 2987 tandem,
920 2926 1055 2985 postremo.

259 3005 400 3070 praediri,
417 3004 492 3062 18,1.
786 3006 916 3070 continet,
931 3020 953 3069 3,
966 3020 988 3069 3.

598 3184 645 3225 20.
686 3170 780 3240 Lugio.

237 3312 384 3372 Rusticus
400 3313 481 3385 olim,
499 3313 623 3373 nomine
639 3313 766 3385 Gellius,
784 3313 829 3371 vir
851 3314 938 3373 dives
962 3313 1018 3372 sed
1038 3313 1191 3384 indoctus,

194 3411 288 3472 mittit
315 3413 413 3473 filium
444 3413 484 3471 ad
513 3414 619 3473 lodum
648 3413 790 3484 Zenonis,
821 3414 970 3490 praeclori
1005 3412 1191 3490 philosophi.

194 3514 271 3572 Post
296 3512 414 3590 aliquot
440 3521 538 3573 annos
567 3514 650 3572 tilius
680 3512 791 3590 repetit
819 3523 982 3590 paternum
1012 3520 1135 3584 toctum,
1163 3521 1193 3570 et
