2692 3959
469 301 545 349 THE
567 300 805 349 ARGONAUTS.

412 546 476 587 122.
516 532 577 588 The
595 533 719 602 Harpiee
738 533 856 589 Beaten.

180 660 244 719 Res
266 659 359 737 igitur
382 660 413 717 in
437 660 497 719 hoc
519 659 589 719 loco
604 654 700 732 erant,
717 678 786 718 cum
802 662 1001 736 Argonautae
1023 666 1132 718 nevem

137 761 329 838 appulerunt.
376 760 511 818 Phineus
535 769 646 832 autem,
665 759 755 818 simul
780 769 872 836 atque
893 759 1010 821 audivit
1028 760 1131 819 cosin

137 868 210 920 suos
225 861 305 919 fines
318 867 460 937 egressos
475 879 554 931 esse,
568 869 754 937 magnopere
766 868 891 936 gevisus
905 869 963 919 est.
1009 859 1133 919 Sciebat

137 960 219 1019 enim
237 969 384 1036 quantam
407 959 585 1036 opinionem
610 959 731 1019 virtutis
758 962 957 1037 Argonautae
982 960 1134 1019 haberent·

137 1079 194 1119 nec
207 1059 370 1120 dubitebat
381 1069 454 1136 quin
470 1059 530 1118 sibi
546 1059 690 1118 auxilium
706 1060 829 1119 ferrent.
875 1059 1025 1119 Nuntium
1040 1059 1133 1136 igitur

137 1161 175 1219 ad
192 1169 303 1219 nivem
313 1160 404 1231 misit,
416 1168 468 1236 qui
484 1163 629 1218 Iesonem
639 1159 804 1236 sociosque
816 1160 855 1218 ad
865 1159 981 1237 regiam
996 1167 1130 1220 voceret.
1235 1182 1242 1203 Ι

138 1262 184 1319 Eo
194 1279 263 1319 cum
273 1259 439 1332 venissent,
449 1261 585 1319 Phineus
596 1260 817 1319 demonstravit
828 1267 944 1336 quanto
954 1260 985 1318 in
995 1260 1133 1336 periculo

137 1378 211 1418 suae
233 1367 283 1418 res
304 1369 410 1418 essent
432 1368 463 1418 et
484 1360 625 1435 promisit
643 1367 676 1418 se
699 1368 810 1437 magna
831 1360 968 1437 praemia
990 1361 1132 1419 datiuum

137 1478 215 1532 esse,
233 1466 260 1519 si
275 1460 318 1517 illi
334 1459 500 1519 remedium
516 1459 712 1536 reperissent.
761 1462 958 1537 Argonautae
974 1460 1132 1538 negotium

136 1559 267 1619 libenter
282 1567 483 1637 susceperunt
499 1568 529 1618 et
545 1559 598 1618 ubi
614 1559 690 1619 hora
702 1559 794 1632 venit,
812 1579 882 1618 cum
897 1567 968 1637 rege
984 1561 1132 1620 accubue-

136 1671 223 1733 runt;
247 1671 278 1720 at
293 1660 382 1719 simul
398 1669 435 1719 ec
450 1667 528 1719 cena
545 1660 689 1737 apposita
708 1669 764 1729 est,
782 1660 939 1739 Harpyiae
952 1660 1132 1720 ceneculum

137 1760 326 1820 intreverunt
351 1770 382 1819 et
407 1760 510 1819 cibum
537 1760 656 1819 auferre
682 1762 884 1820 conebantur.
933 1763 1132 1838 Argonautae

137 1869 267 1936 primum
276 1860 387 1937 gladiis
397 1860 536 1919 volucres
546 1861 714 1937 petierunt;
730 1879 800 1919 cum
809 1871 913 1919 tamen
922 1860 1063 1921 viderent
1072 1862 1132 1921 hoc

137 1960 213 2018 nihil
236 1961 393 2037 prodesse,
410 1962 499 2019 Zetes
514 1969 545 2019 et
561 1952 675 2033 Calais,
696 1946 749 2038 qui
769 1961 827 2019 elis
842 1969 983 2020 instructi
1002 1970 1083 2033 sunt,
1099 1961 1132 2019 in

136 2069 207 2119 eera
237 2067 270 2119 se
300 2060 545 2132 sublevaverunt,
576 2069 610 2119 ut
639 2061 772 2137 desuper
808 2060 955 2138 impetum
983 2061 1130 2120 facerent.

138 2160 231 2234 Quod
246 2178 314 2218 cum
339 2161 512 2219 sensissent
534 2160 701 2237 Harpyiae,
719 2170 763 2220 rei
785 2161 923 2221 novitete
943 2160 1130 2238 perterritae,

137 2259 240 2319 statim
256 2260 440 2337 aufugerunt
454 2278 554 2337 neque
575 2269 685 2337 posteat
701 2279 845 2338 umquam
860 2261 1025 2321 redierunt.

431 2472 495 2532 123.
535 2460 596 2515 The
616 2460 836 2532 symplegades.

180 2587 251 2646 Hoc
276 2587 369 2659 facto,
398 2585 543 2659 Phineus,
572 2597 605 2646 ut
629 2593 684 2663 pro
710 2593 798 2646 tanto
826 2587 978 2647 beneficio
1007 2588 1130 2648 meritas

136 2687 251 2765 gretias
266 2688 401 2760 referret,
421 2689 527 2746 Iesoni
542 2687 764 2746 demonstrevit
779 2696 840 2763 qua
861 2688 980 2747 ratione
997 2688 1131 2767 Symple-

136 2788 232 2863 gades
261 2796 357 2846 vItere
387 2797 502 2863 posset.
549 2786 770 2865 Symplegades
799 2796 902 2846 autern
932 2789 1012 2847 duae
1043 2796 1131 2847 erant

137 2894 227 2964 rupes
250 2886 369 2965 ingenti
391 2887 611 2964 megnitiidine,
629 2906 709 2963 quae
724 2896 742 2947 e
759 2890 832 2946 love
855 2887 975 2963 positae
991 2898 1079 2972 erant
1093 2896 1131 2948 eo

137 2986 275 3058 consilio,
303 2994 342 3045 ne
366 2987 434 3063 quis
461 2988 502 3046 ad
528 2987 680 3047 Colchida
703 2996 885 3063 perveniret.
941 2990 1011 3047 Hae
1035 2996 1131 3065 parvo

137 3085 298 3145 intervallo
313 3086 344 3142 in
361 3095 435 3143 mari
451 3087 602 3145 natabant
617 3097 656 3159 et,
670 3094 697 3145 si
710 3086 784 3163 quid
800 3087 830 3144 in
847 3087 982 3147 medium
998 3088 1130 3165 spatium

136 3192 270 3257 venerat,
295 3185 468 3245 incredibili
491 3186 647 3245 celeritete
674 3188 908 3246 concurrebant.
963 3191 1130 3265 Postquam

31 3364 34 3369 Ι
136 3285 227 3362 igitur
249 3295 267 3344 e
291 3286 409 3343 Phineo
426 3285 536 3344 doctus
559 3294 606 3344 est
628 3286 703 3362 quid
725 3286 903 3346 faciendum
926 3298 1017 3361 esset,
1036 3290 1129 3348 lesen

137 3385 267 3443 subletis
282 3393 403 3443 ancoris
418 3393 528 3443 nevem
545 3384 636 3443 solvit
651 3395 682 3444 et
698 3386 760 3444 leni
775 3395 867 3446 vente
883 3395 1045 3463 provectus
1061 3407 1131 3447 mox

137 3482 177 3540 ad
208 3483 426 3560 Symplegades
453 3484 730 3560 appropinquavit:
767 3494 831 3544 tum
861 3486 892 3544 in
924 3496 1014 3565 prere
1044 3497 1133 3548 stains

137 3580 309 3641 columbam
325 3600 417 3658 quam
442 3582 473 3639 in
498 3593 591 3641 manu
610 3585 738 3644 tenebat
753 3585 863 3645 emisit.
910 3586 969 3646 Illa
982 3595 1067 3647 recte
1082 3588 1132 3647 vie
