2692 3959
535 321 612 370 THE
633 321 790 370 ARGONA
797 320 824 369 U
826 321 872 369 TS.
1152 321 1198 372 101

203 475 277 560 erat,
291 497 421 547 ancoras
436 488 559 547 sustulit
575 498 606 546 et
621 507 720 565 pauca
736 488 831 547 millia
846 508 991 564 passuum
1007 497 1196 567 progressus

203 598 275 646 ante
291 600 414 647 noctem
431 588 565 666 Mysiam
577 588 687 665 attigit.
734 587 783 648 Ibi
798 598 913 664 paucas
928 590 1020 649 horas
1033 589 1064 648 in
1076 599 1198 650 ancoris

203 689 411 765 exspectavit3
444 696 463 747 a
489 697 591 747 nautis
620 666 703 746 enini
732 695 919 765 cognoverat
948 708 1047 766 aquae
1076 690 1197 767 copiam

203 807 295 865 quam
321 795 425 847 secum
449 789 599 847 haberent
622 787 682 845 iam
710 789 859 847 deficere:
890 807 982 864 quam
1008 790 1048 849 ob
1072 809 1197 849 causam

203 889 328 966 quidam
351 907 389 947 ex
409 891 598 966 Argonautis
621 888 652 946 in
675 897 786 947 terram
809 896 924 965 egressi
947 909 1058 966 aquam
1074 898 1197 966 quaere·

202 989 286 1048 bant.
332 991 452 1048 Horum
469 989 500 1046 in
517 996 644 1048 numero
660 998 726 1047 erat
743 988 843 1066 Hylas
858 990 993 1065 quidam,
1006 1009 1083 1067 puer
1097 991 1197 1050 forme

202 1089 484 1165 praestantissima;
519 1097 580 1166 qui,
604 1089 677 1147 dum
699 1088 817 1147 iontem
840 1088 968 1164 quaerit,
992 1098 1011 1148 a
1032 1090 1196 1151 comitibus

202 1189 326 1265 paulum
352 1195 532 1248 secesserat.
577 1187 741 1267 Nymphae
758 1198 869 1259 autem,
887 1208 966 1266 quae
986 1190 1104 1248 iontem
1119 1191 1196 1250 cole

201 1289 286 1362 bant,
303 1307 371 1348 cum
396 1289 537 1348 iuvenem
552 1289 712 1361 vidissent,
729 1297 757 1346 ei
777 1290 963 1365 persuadere
978 1299 1108 1349 conatae
1124 1301 1197 1351 sunt

203 1399 236 1448 ut
251 1396 356 1448 secum
378 1396 533 1455 maneret;
557 1399 673 1447 etcum
696 1388 747 1447 ille
770 1397 895 1465 negaret
911 1396 944 1448 se
965 1390 1024 1449 hoc
1043 1374 1196 1450 iacturum

201 1508 279 1561 esse,
296 1508 423 1565 puerum
438 1498 469 1546 vi
485 1489 686 1548 abstulerunt.

244 1590 382 1649 Comites
404 1588 478 1661 eius,
502 1597 668 1665 postquam
693 1587 807 1667 Hylam
830 1596 977 1648 amissum
1002 1608 1071 1649 esse
1094 1598 1196 1651 sense·

201 1699 280 1761 runt,
298 1697 410 1766 magno
425 1689 531 1748 dolore
547 1689 671 1761 adfecti,
690 1687 742 1747 diu
756 1689 869 1747 frustra
885 1690 1093 1765 quaerebant:
1118 1692 1195 1750 Her-

201 1790 285 1848 cules
309 1800 412 1849 autem
436 1799 467 1847 et
491 1789 707 1866 Polyphemus,
732 1798 784 1864 qui
807 1789 938 1866 vestigia
961 1799 1048 1865 pueri
1074 1791 1195 1869 longius

202 1899 299 1949 secuti
314 1899 410 1958 erant,
427 1887 480 1948 ubi
496 1888 623 1948 tandem
639 1889 680 1947 ad
699 1888 772 1949 litus
795 1887 959 1962 redierunt,
978 1892 1122 1949 Iasonem
1138 1892 1195 1950 sol-

200 1989 283 2049 visse
297 1996 517 2067 cognoverunt.
1158 1978 1162 1985 ’

458 2185 522 2225 121.
562 2170 673 2241 Dining
695 2170 779 2227 Made
797 2170 945 2247 Difficult.¹

244 2301 319 2357 Post
342 2298 418 2356 haec
434 2300 632 2374 Argonautae
649 2298 689 2356 ad
710 2297 873 2357 Thraciam
889 2318 1010 2358 cursum
1032 2308 1196 2361 tenuerunt

201 2409 232 2457 et
243 2408 408 2475 postquam
419 2398 458 2456 ad
471 2398 619 2474 oppidum
636 2397 866 2476 Salmydessum
881 2408 990 2458 navem
1003 2401 1194 2477 appulerant,

201 2498 232 2556 in
254 2509 366 2557 terram
388 2505 504 2574 egressi
524 2507 604 2556 sunt.
651 2497 700 2557 Ibi
719 2517 789 2556 cum
811 2499 851 2557 ab
874 2498 983 2558 incolis
1000 2510 1196 2577 quaesissent

201 2597 269 2674 quis
294 2605 421 2675 regnum
447 2598 513 2656 eius
535 2597 669 2675 regionis
692 2598 853 2670 obtineret,
874 2599 1019 2659 certiores
1034 2601 1109 2660 iacti
1124 2610 1196 2661 sunt

202 2699 352 2756 Phineum
368 2698 522 2773 quendam
542 2707 607 2755 tum
627 2704 729 2774 regem
745 2717 823 2757 esse.
869 2700 1088 2776 cognoverunt
1102 2700 1195 2760 etiam

200 2799 282 2856 hunc
305 2817 430 2857 caecum
453 2816 522 2856 esse
542 2806 573 2855 et
588 2798 655 2857 diro
671 2798 806 2873 quodam
827 2798 978 2875 supplicio
995 2801 1094 2873 adfici,
1111 2801 1195 2877 quod

200 2897 273 2957 elim
293 2905 327 2957 se
347 2897 592 2956 crudelissimum
608 2897 639 2954 in
657 2897 741 2956 filios
756 2905 829 2957 suos
851 2898 1054 2973 praebuisset.
1099 2900 1195 2961 Cuius

200 2997 332 3074 supplici
357 2998 416 3056 hoc
443 3007 508 3057 erat
531 3016 638 3074 genus.
685 2999 784 3056 Missa
807 3008 895 3057 erant
918 3008 936 3057 a
961 3002 1034 3059 Iove
1058 3008 1195 3060 monstra

200 3099 364 3174 quaedam,
381 3097 485 3174 specie
504 3097 650 3168 horribili,
667 3117 747 3173 quae
768 3098 871 3174 capita
890 3099 1050 3177 virginum,
1067 3120 1195 3178 corpora

199 3198 357 3256 volucrum
393 3198 560 3256 habebant.
621 3199 692 3256 Hae
729 3198 877 3270 volucres,
918 3220 997 3276 quae
1036 3201 1195 3280 Harpyiae

200 3298 443 3375 appellabantur,
469 3299 588 3357 Phineo
614 3317 763 3355 summam
794 3299 967 3359 molestiam
996 3301 1195 3372 adferebant;

200 3398 344 3475 quotiens
359 3397 441 3457 enim
457 3397 507 3456 ille
520 3398 714 3469 accubuerat,
732 3398 899 3458 veniebant
915 3410 945 3459 et
957 3401 1060 3460 cibum
1075 3402 1195 3478 apposi-

199 3507 264 3557 tum
294 3497 398 3557 statim
428 3498 618 3556 auferebant.
675 3498 764 3571 Quae
797 3518 866 3556 cum
895 3499 939 3558 ita
967 3511 1081 3573 essent,
1111 3502 1196 3560 haud

199 3598 328 3657 multum
349 3597 429 3658 afuit
451 3606 525 3674 quin
548 3598 683 3657 Phineus
705 3598 787 3656 fame
810 3607 986 3660 moreretur.
