2692 3959
592 282 638 337 UL
646 283 760 337 VSSES.
1126 289 1174 341 117

177 453 312 533 replevit,
326 453 483 534 gigantem
495 458 534 516 ad
549 457 720 517 bibendum
735 457 921 535 provocavit.
957 458 1172 537 Polyphemus

177 567 231 633 qui
254 576 412 632 nunquam
439 567 529 617 antea
555 567 659 616 vinum
684 568 871 634 gustaverat,
899 566 996 617 tetam
1024 566 1174 617 crateram

177 657 281 716 statim
297 657 399 717 hausit
411 682 418 730 ;
441 659 607 733 quodcum
622 658 757 730 iecisset,
770 668 888 717 tantam
904 658 1094 735 voluptatem
1108 678 1174 735 per-

178 757 259 834 cepit
274 766 308 816 ut
323 757 432 816 iterum
448 767 478 817 et
493 759 615 817 tertium
628 765 777 817 crateram
793 760 902 836 repleri
918 759 1049 818 iusserit.
1094 761 1174 816 Tum

178 876 248 916 cum
272 857 475 933 quaesivisset
502 866 564 934 que
581 858 718 918 rnemine
748 858 856 917 Ulixes
883 858 1095 936 appellaretur,
1123 859 1174 917 ille

178 957 337 1033 respondit
361 965 393 1016 se
419 958 583 1016 Neminem
605 958 775 1035 appellari:
808 959 891 1034 quod
910 977 980 1017 cum
996 958 1172 1031 audivisset,

180 1057 387 1135 Polyphemus
403 1058 444 1117 ita
460 1058 580 1116 locutus
596 1066 651 1130 est,
670 1066 687 1092 “
697 1060 790 1116 Hanc
806 1058 861 1117 tibi
873 1058 1002 1135 gratiam
1017 1066 1072 1135 pre
1087 1066 1175 1117 tante

178 1157 330 1216 beneficie
346 1158 492 1229 referam3
517 1165 546 1216 te
562 1158 701 1217 ultimum
723 1158 859 1217 omnium
882 1159 1068 1218 devorabe.''
1114 1160 1175 1217 His

179 1257 279 1328 dictis,
297 1257 368 1317 cibo
384 1264 518 1333 vinoque
536 1267 680 1334 gravatus
695 1259 836 1317 recubuit
851 1268 882 1316 et
902 1267 973 1334 post
993 1258 1086 1317 breve
1102 1268 1176 1316 tem·

179 1376 238 1432 pus
254 1364 363 1416 somno
375 1375 543 1433 oppressus
559 1367 615 1415 est.
660 1359 741 1415 Tum
757 1358 867 1417 Ulixes
879 1357 970 1417 sociis
986 1366 1174 1429 convocatis

181 1456 400 1528 “Habemus’'
414 1456 522 1531 inquit,
538 1465 654 1532 “quam
663 1457 809 1533 petiimus
817 1457 1014 1517 facultatem:
1038 1464 1077 1516 ne
1085 1456 1176 1535 igitur

180 1564 297 1614 tantam
312 1555 510 1616 occasionem
525 1565 569 1617 rei
584 1557 664 1617 bene
679 1558 835 1634 gerendae
850 1556 1057 1616 omittamus''

562 1754 625 1824 146.
666 1755 795 1828 Nohody.

224 1883 295 1940 Haic
315 1881 454 1941 eratiene
475 1880 587 1954 habita,
604 1892 770 1958 postquam
791 1887 958 1940 extremum
981 1881 1084 1958 palum
1107 1890 1178 1957 igne

181 1980 331 2053 calefecit,
348 1982 471 2040 oculum
495 1982 675 2059 Polyphemi
695 1983 768 2041 dum
784 1981 899 2040 dormit
921 1981 1071 2058 flagrante
1094 1981 1178 2057 ligni>
1237 2003 1240 2014 ·

181 2082 364 2141 transfodit:
388 2089 450 2158 que
464 2083 556 2153 iacto,
568 2089 677 2140 omnes
693 2082 724 2139 in
740 2083 877 2141 diversas
894 2082 1058 2159 speluncae
1075 2087 1178 2158 partes

183 2188 216 2239 se
238 2180 432 2240 abdiderunt.
478 2184 519 2240 At
537 2180 592 2265 ¹ille
615 2181 719 2241 subito
742 2182 794 2241 ille
812 2182 927 2254 dolere,
945 2181 1028 2257 quod
1050 2199 1179 2239 necesse

182 2281 249 2353 fuit,
272 2288 289 2339 e
312 2289 422 2341 somne
444 2281 603 2354 excitatus,
626 2282 792 2341 clamerem
814 2281 980 2340 terribilem
1002 2281 1127 2340 sustulit
1149 2290 1180 2340 et

183 2382 256 2439 dum
271 2399 325 2457 per
339 2382 518 2457 speluncam
530 2392 619 2455 errat,
631 2382 715 2440 Ulixi
727 2401 850 2440 manum
867 2381 978 2440 inicere
991 2382 1180 2440 conabatur:

183 2499 253 2539 cum
278 2490 382 2540 tamen
406 2481 467 2539 iam
491 2489 617 2541 omnine
640 2501 751 2541 caecus
778 2492 868 2554 esset,
896 2482 980 2540 nulle
1003 2482 1096 2539 mode
1119 2480 1179 2539 hec

184 2581 303 2641 efficere
327 2581 435 2658 potuit.
481 2585 604 2641 Interea
627 2582 737 2658 reliqui
753 2582 905 2660 Cyclopes
920 2582 1053 2640 clamore
1074 2580 1180 2639 audite

184 2681 320 2757 undique
342 2683 382 2741 ad
405 2682 583 2759 speluncam
606 2688 818 2741 convenerunt
840 2691 870 2740 et
891 2682 931 2739 ad
954 2680 1112 2739 introitum
1131 2678 1181 2737 ad-

184 2788 311 2853 stantes,
329 2781 403 2857 quid
428 2782 635 2860 Polyphemus
660 2790 764 2858 ageret
787 2787 1013 2857 quaesiverunt,
1035 2789 1066 2838 et
1089 2797 1180 2855 quam

185 2881 225 2940 ob
240 2900 365 2940 causam
385 2891 504 2940 tantum
523 2883 688 2941 clamorem
712 2881 897 2940 sustulisset.
944 2881 1000 2939 Ille
1021 2879 1182 2956 respondit

185 2988 218 3040 se
233 2981 366 3057 graviter
381 2981 571 3041 volnera'atum
589 3000 658 3040 esse
673 2991 704 3040 et
720 2988 833 3057 maigne
849 2980 954 3039 dolore
972 2980 1082 3038 adfici:
1112 2997 1182 3038 cum

106 3062 110 3070 ⁴
185 3089 286 3140 tamen
300 3088 393 3140 ceteri
404 3082 629 3156 quaesivissent
645 3081 714 3158 quis
731 3089 759 3139 ei
774 3080 835 3140 vim
846 3079 1008 3152 intulisset,
1020 3079 1182 3156 respondit

185 3180 235 3240 ille
246 3180 409 3239 Neminem
423 3181 454 3239 id
465 3181 593 3240 fecisse:
610 3181 723 3257 quibus
736 3181 855 3251 auditis
869 3190 947 3239 imus
957 3187 974 3239 e
983 3179 1181 3257 CyclopibuS,

187 3283 252 3339 “At
274 3288 300 3339 si
322 3282 443 3352 neme,''
466 3280 575 3357 inquit,
605 3288 661 3339 “te
685 3281 861 3351 vulneravit,
883 3279 966 3337 haud
985 3278 1113 3338 dubium
1135 3268 1183 3337 est

185 3389 259 3455 quin
276 3381 406 3439 consili&
426 3381 559 3451 deorum,
580 3381 692 3456 quibus
713 3381 855 3439 resistere
871 3398 929 3438 nec
945 3398 1111 3455 possumus
1126 3398 1183 3437 nec

120 3504 123 3511 ¹
185 3481 334 3552 volumus,
350 3481 410 3539 hec
433 3480 584 3557 supplicii)
607 3480 792 3539 adficiaris.''
846 3481 907 3538 His
930 3479 1020 3537 dictis
1044 3478 1182 3537 abierunt

186 3581 339 3665 Cyclopes
365 3599 434 3639 eum
461 3581 491 3638 in
518 3580 669 3640 insaniam
696 3580 842 3639 incidisse
869 3578 1016 3638 arbitrati.
