2692 3959
542 286 783 341 ANECDOTES.
1130 290 1161 343 55

163 465 330 535 antequam
355 461 453 519 mater
480 459 603 518 tertium
632 460 783 518 infantem
813 460 922 520 eodem
951 459 1044 520 modo
1073 470 1161 520 morti
1187 483 1190 490 ·

162 559 286 619 obiecit.

206 658 285 719 Inde
314 659 368 718 ubi
398 668 620 719 convocaverat
649 668 840 738 propinquos
871 661 968 719 fatum
997 660 1162 720 liberorum

163 777 311 835 suamque
325 758 431 836 fugam
447 759 589 819 narravit.
627 760 708 818 Tum
723 760 874 819 maximus
889 768 971 831 nati,
984 759 1057 818 dum
1069 768 1162 820 ceteri

162 860 287 919 horrore
313 860 521 935 obstupefacti
547 869 640 931 sunt;
675 860 751 918 “Tir
776 868 837 918 tuis
863 860 1062 933 infantibus,'’
1085 868 1162 920 voce

162 960 263 1037 inquit
274 959 409 1033 terribili,
425 967 511 1019 “non
523 960 673 1036 parcebas
684 984 691 1032 ;
708 978 766 1019 nec
778 960 901 1038 egotibi
912 979 995 1019 nunc
1006 962 1161 1037 parcam.’'

164 1062 254 1120 Haec
266 1060 319 1119 ubi
332 1060 457 1133 dixerat,
469 1069 578 1133 secinI,
589 1079 683 1136 quarn
695 1070 789 1119 manti
801 1061 935 1133 tenebat,
947 1071 1040 1138 caput
1051 1061 1163 1139 impiae

163 1160 268 1220 matris
282 1160 443 1237 percussit.

213 1308 300 1373 atrox,
314 1309 423 1367 cradile,
437 1322 476 1369 24,
492 1324 512 1358 1.
757 1309 920 1375 ingeminat,
935 1323 974 1371 27,
990 1324 1027 1358 ιο.

214 1391 423 1457 dilaniiverant,
432 1391 464 1441 et.
471 1392 610 1450 divellibat,
618 1406 656 1453 24,
666 1406 688 1440 2.
757 1395 896 1458 parcebas,
911 1407 949 1458 59,
963 1407 985 1456 9.

214 1475 365 1540 mennam,
381 1489 402 1533 1,
417 1487 439 1541 5.
756 1476 901 1541 percussit,
914 1476 983 1524 from
990 1477 1112 1538 percutio.

508 1715 557 1791 63.
596 1718 623 1772 Α
642 1718 724 1774 Cat‘s
743 1717 824 1773 Paw.

208 1877 319 1955 Apicio
331 1885 502 1949 mercatori,
514 1887 567 1955 qui
580 1879 706 1954 Capuae
716 1878 848 1949 vivebat,
861 1896 899 1936 ex
911 1880 1052 1956 Aegypto
1061 1878 1163 1949 telem,

165 1978 285 2037 simiam
301 1998 339 2037 ex
355 1978 453 2057 Libya
470 1997 543 2037 suae
563 1985 658 2037 naves
677 1986 969 2055 transportaverant.
1015 1980 1086 2036 Hae
1102 1979 1164 2055 qui-

165 2078 237 2137 dem
251 2077 370 2137 bestiae
386 2079 443 2137 sub
459 2085 541 2137 tecto
557 2078 736 2137 mercatoris
752 2077 993 2136 concordissime
1009 2079 1163 2151 vivebant,

165 2178 256 2255 longe
278 2188 382 2237 tamen
405 2178 490 2236 aliud
511 2178 570 2236 init
592 2187 750 2253 utriusque
773 2178 939 2255 ingenium.
986 2178 1043 2236 Illa
1057 2187 1166 2237 natira

163 2278 280 2337 tardior
309 2287 452 2355 magnam
479 2277 540 2336 diei
565 2288 684 2354 partem
711 2277 901 2349 dormiebat,
932 2278 1011 2336 haec
1037 2278 1192 2336 alacrior·

164 2378 309 2437 comitem
324 2377 467 2437 stolidam
484 2396 577 2455 saepe
592 2396 648 2455 per
663 2378 732 2437 ioca
742 2378 882 2437 vexabat.
928 2379 1020 2438 Forte
1036 2378 1165 2455 Apicius

164 2486 328 2538 castaneas
343 2478 511 2554 aliquando
533 2487 604 2556 igne
624 2479 768 2537 torrebat.
815 2480 883 2537 Has
899 2478 952 2537 ubi
967 2478 1052 2537 videt
1067 2479 1163 2550 simia,

163 2579 204 2638 ad
220 2587 322 2657 ignem
341 2578 461 2640 accedit
482 2578 643 2655 avidisque
665 2579 762 2638 oculis
785 2586 880 2637 nuces
903 2579 1057 2637 observat.
1104 2578 1166 2637 Dio

162 2678 271 2739 haeret
280 2679 413 2748 incerta;
430 2678 536 2738 dulces
549 2698 735 2756 quamquam
745 2679 849 2756 irriges
859 2678 994 2737 animum
1007 2678 1163 2750 adliciunt,

94 2822 99 2830 .
161 2779 301 2838 fervidus
317 2779 397 2856 ignis
411 2787 430 2837 ai
445 2779 527 2838 ifirto
548 2779 690 2837 deterret.
736 2778 845 2837 Subito
861 2788 953 2837 manir
968 2778 1069 2850 telem,
1087 2797 1165 2853 quae

162 2888 236 2937 ante
252 2887 353 2956 ignem
369 2886 453 2938 more
469 2885 526 2937 suo
542 2878 722 2945 dormiebat,
739 2878 818 2954 rapit
834 2888 865 2936 et
883 2878 963 2954 pede
975 2878 1047 2959 'eius
1069 2888 1165 2936 casta-

163 2987 240 3038 neeis
255 2978 434 3057 singillatim
449 2997 487 3037 ex
502 2988 573 3055 igne
589 2978 730 3037 detrahit.
770 2978 892 3037 Deinde
904 2978 977 3036 dum
989 2978 1041 3037 illa
1053 2986 1166 3055 magno

160 3077 279 3156 gemitir
294 3087 400 3138 casum
416 3078 564 3156 deplorat,
582 3077 649 3155 ipsa
664 3085 759 3152 puces
774 3085 883 3137 secrira
897 3078 1032 3137 devorat.

230 3227 317 3293 aliud,
330 3228 462 3277 dissimile.
756 3228 871 3292 accidit,
883 3233 1079 3292 appropinquat.

230 3312 342 3376 tardior,
355 3313 477 3360 stolidior.
756 3313 858 3374 cisum,
872 3311 991 3359 dolorem.

229 3396 360 3461 torrebat,
376 3396 413 3454 16,
426 3396 450 3444 6.
756 3395 858 3458 seriata,
873 3407 911 3456 27,
926 3407 948 3457 3.
