2692 3959
616 294 662 347 Ur
670 295 784 347 VSSES.
1147 296 1196 348 119

197 459 322 541 paulum
347 473 367 523 a
392 464 480 524 litore
504 465 536 522 in
563 465 659 524 altum
685 473 848 542 provectus
874 475 930 525 est.
976 467 1057 524 Tum
1082 473 1195 543 magna

197 571 273 623 voce
308 563 498 637 exclamavit,
531 566 615 638 “Tsi,
656 565 853 644 Polypheme,
890 575 943 642 qui
980 565 1046 624 iura
1078 565 1213 649 hospiti·

198 663 327 739 spernis,
359 663 473 723 iustam
500 673 532 723 et
561 665 698 723 debitam
732 684 864 741 poenam
894 664 1094 724 immanitatis
1123 674 1194 723 tuae

198 763 346 835 solvisti.”
393 765 464 822 Hae
479 771 555 823 voce
574 764 687 836 audita,
707 764 913 842 Polyphemus
934 773 978 823 ira
997 764 1195 823 vehementer

197 871 368 922 commotus
392 865 432 923 ad
457 882 539 922 mare
564 871 597 922 se
622 864 752 923 contulit
777 874 809 923 et
832 864 885 924 ubi
909 864 1057 924 intellexit
1083 873 1192 923 navem

197 963 320 1039 paulum
343 972 362 1022 a
385 964 474 1022 litore
494 971 642 1023 remotam
664 983 742 1037 esse,
760 983 867 1023 saxum
890 964 998 1041 ingens
1019 974 1111 1022 manu
1131 983 1194 1022 cor-

198 1074 317 1142 reptum
332 1063 444 1121 ineam
460 1074 577 1140 partem
591 1063 734 1136 coniecit,
746 1065 828 1123 unde
844 1071 951 1124 vocem
967 1073 1070 1123 venire
1086 1064 1192 1123 sensit.

198 1164 309 1221 Graeci
329 1172 441 1234 autern,
459 1172 517 1222 etsi
538 1163 697 1221 minimum
722 1164 800 1222 afuit
820 1172 894 1240 quin
917 1165 1191 1240 submergerentur,

197 1262 281 1321 nullo
297 1270 425 1340 accepti)
441 1263 554 1322 damno
570 1282 693 1322 cursum
708 1271 881 1323 tenuerunt.

414 1524 477 1580 149.
517 1512 579 1566 The
597 1512 728 1584 country
746 1512 777 1567 of
795 1513 845 1568 the
863 1512 983 1573 winde..

241 1673 343 1730 Pauca
358 1672 453 1730 millia
473 1691 620 1749 passuum
636 1672 676 1730 ab
692 1680 729 1731 eo
746 1673 816 1731 loco
831 1680 1013 1749 progressus
1029 1672 1138 1732 Ulixes
1154 1672 1194 1731 ad

198 1772 329 1829 insulam
366 1772 530 1847 quandam,
568 1771 694 1830 nomine
731 1771 880 1842 Aeoliam,
918 1780 1029 1831 navem
1065 1772 1191 1849 appulit.

199 1872 289 1929 Haec
310 1870 409 1947 patria
431 1879 496 1929 erat
518 1873 698 1929 Ventorum.

597 2045 612 2066 “
620 2038 671 2086 Hic
683 2046 758 2087 vasto
770 2054 815 2086 rex
828 2039 928 2087 Aeolus
941 2046 1016 2086 antro

365 2121 507 2177 Luctantes
519 2130 611 2169 ventos
624 2129 845 2185 tempestatesque
857 2136 968 2172 sonoras

365 2204 478 2266 Imperio
491 2204 584 2267 premit
597 2220 627 2252 ac
640 2205 730 2253 vinclis
743 2214 768 2252 et
781 2219 882 2252 carcere
895 2204 1004 2252 frenat.”

199 2371 254 2430 Ibi·
268 2379 319 2431 rex
339 2373 406 2448 ipse
422 2373 560 2431 Graecos
581 2372 715 2448 hospitio
736 2372 856 2448 accepit
876 2382 968 2448 atque
984 2372 1021 2431 iis
1042 2372 1194 2449 persuasit
1242 2443 1249 2457 ο

198 2480 231 2529 ut
261 2472 301 2530 ad
331 2471 560 2547 recuperandis
589 2478 668 2529 vires
699 2480 815 2547 paucos
845 2471 912 2530 dies
942 2471 972 2529 iu
1003 2481 1040 2531 ea
1068 2472 1193 2549 regione

197 2579 465 2629 commorarentur.
512 2570 649 2646 Septimo
672 2571 722 2629 die
748 2590 817 2629 cum
844 2571 919 2630 socii
941 2578 957 2628 e
980 2571 1138 2631 laboribus
1160 2578 1217 2630 se.

196 2670 395 2746 recepissent,
413 2671 529 2743 Ulixes
547 2678 586 2728 ne
607 2680 681 2728 anni
696 2679 833 2748 ternpore
848 2680 867 2730 a
883 2671 1078 2748 navigatione
1096 2672 1195 2730 exelu-

197 2770 327 2842 deretur,
358 2770 417 2828 sibi
447 2770 513 2829 sine
542 2779 633 2835 mora,
656 2771 914 2846 proficiscendum
944 2771 1058 2830 statuit.
1114 2772 1194 2829 Tum

197 2870 321 2941 Aeolus,
332 2870 383 2946 qui
395 2871 475 2929 bene
486 2869 604 2929 sciebat
616 2888 686 2928 eum
698 2870 829 2929 maxime
840 2871 987 2947 cupidum
998 2890 1066 2930 esse
1076 2871 1194 2948 patriae
1282 2923 1286 2931 ,

196 2970 358 3041 videndae,
375 2971 459 3029 Ulixi
481 2970 541 3027 iam
564 2971 740 3046 profecturo
762 2980 907 3047 magnum
923 2971 1010 3031 dedit
1032 2990 1155 3030 saccum
1178 2979 1195 3031 ἐ

196 3070 281 3129 corio
293 3070 476 3141 coniectum,
490 3070 519 3127 in
538 3078 600 3146 quo
613 3078 722 3130 ventris
737 3078 844 3129 omnes
857 3080 978 3147 praeter
994 3081 1087 3129 unum
1103 3071 1194 3130 inclu-

163 3229 165 3232 .
196 3179 286 3228 serat.
310 3171 480 3248 &phyrum
490 3180 610 3230 tantum
620 3180 874 3248 praetermiserat,
882 3172 965 3247 quod
975 3171 1059 3230 illum
1069 3148 1205 3230 ventum!

197 3270 237 3328 ad
254 3270 391 3328 Ithacam
408 3270 584 3348 navigando
596 3270 742 3331 idoneum
755 3291 823 3330 esse
839 3271 966 3330 sciebat.
1012 3271 1120 3331 Ulixes
1136 3273 1194 3330 hoc

196 3369 312 3428 donum
324 3369 455 3429 libenter
465 3370 584 3447 accepit
597 3380 628 3429 et
638 3370 745 3448 gratiis
757 3378 813 3446 pro
823 3379 909 3430 tanto
919 3371 1071 3431 beneficio
1080 3372 1193 3444 relatis,

196 3487 320 3528 saccum
333 3470 373 3528 ad
385 3470 497 3528 malum
510 3470 624 3547 ligavit.
670 3471 750 3527 Tum
761 3471 905 3529 omnibus
918 3471 957 3529 ad
972 3470 1193 3546 proiectibnem

196 3577 313 3645 paratis
328 3569 500 3629 meridiano
514 3570 579 3628 tere
595 3579 733 3647 tempore
750 3577 766 3629 ἐ
782 3579 871 3646 portu
886 3570 985 3629 solvit.
