2692 3959
533 301 775 351 ANECDOTES.
1126 300 1155 350 13

156 485 267 526 saevus
283 467 444 527 habitabat
455 476 554 546 agros.
594 468 771 545 Aliquando
783 488 911 545 puerum
923 468 1015 528 videt.
1054 469 1156 527 Primo

156 575 218 626 stat
243 575 275 626 et
300 568 451 627 advenam
475 568 583 628 lustrat
605 577 706 627 saevis
728 569 834 627 oculis.
858 601 860 603 ·
882 568 1029 627 Albertus
1051 568 1155 645 lugam

155 675 264 726 tentat.
309 669 388 725 Tum
411 677 506 728 instat
532 678 646 727 taurus.
693 670 768 727 Mox
794 667 897 727 miseri
923 677 1010 744 pueri
1035 677 1154 745 tergum

155 767 327 827 volnerabit
350 775 520 827 monstrum
542 767 744 845 cornigerum.
795 825 799 833 ,

224 882 342 972 litteris,
360 908 444 955 libris.
768 906 878 972 lustrat,
890 914 989 969 spectat.

225 1003 333 1055 saevus,
344 990 432 1055 ferox.
769 990 867 1055 instat,
875 992 1047 1054 persequitur.

360 1216 389 1257 a.
429 1203 491 1259 The
509 1203 653 1276 Naughty
671 1203 950 1276 Boy-continued.

202 1348 300 1405 Fossa
316 1346 387 1419 lita,
401 1346 474 1406 limo
490 1356 521 1405 et
536 1354 616 1423 aquai
631 1346 732 1421 plena,
745 1346 825 1405 forte
840 1346 1025 1406 terminabat
1040 1365 1153 1424 agrum.

160 1447 240 1505 Puer
274 1446 366 1504 miser
398 1445 467 1505 loco
501 1455 728 1522 appropinquat
761 1456 793 1504 et
826 1464 924 1521 aquae
958 1453 992 1505 se
1028 1448 1156 1506 mandat

158 1553 282 1605 temere.
318 1549 410 1621 Aqua
425 1553 487 1605 non
504 1555 552 1605 est
568 1545 639 1618 alta,
653 1547 709 1604 sed
726 1545 816 1605 limus
832 1546 1003 1622 profundus
1019 1547 1156 1606 membra

159 1645 292 1705 cohibet.
338 1646 459 1705 Taurus
491 1664 619 1722 puerum
648 1645 732 1704 videt
762 1646 818 1704 sed
856 1664 954 1722 aquae
987 1647 1155 1722 periculum

142 1745 255 1804 ‘timet
301 1745 363 1804 Dio
384 1746 491 1804 haeret
510 1746 673 1818 Albertus3
705 1754 811 1804 taurus
830 1754 910 1804 vina
931 1753 974 1803 irai
1000 1755 1155 1822 captivum

159 1844 277 1908 lustrat.
323 1848 364 1904 At
385 1845 519 1922 agricola
538 1845 619 1904 forte
639 1864 746 1921 agrurn
767 1844 868 1903 intrat.
915 1844 1024 1903 Statim
1043 1846 1155 1905 baculo

159 1952 272 2021 magno
287 1954 407 2003 taurum
424 1944 567 2004 deturbat
582 1944 753 2022 liberatque
768 1963 904 2021 puerum.

224 2088 281 2153 diu,
293 2089 397 2151 longum
411 2095 516 2151 tempus.
749 2090 789 2153 at,
805 2102 826 2145 1,
839 2101 861 2135 2.

224 2170 335 2236 lustrat,
352 2185 372 2229 1,
385 2185 408 2232 4.
748 2172 885 2236 deturbat,
896 2172 984 2236 fugat,
995 2172 1103 2235 depellit.

453 2386 482 2444 3.
523 2372 585 2428 The
602 2371 713 2428 Rotten
732 2371 853 2441 apples.

108 2540 110 2545 ·
201 2517 340 2591 Carolus,
360 2517 512 2595 agricolae
534 2517 655 2595 impigri
677 2517 769 2590 tilius,
791 2518 891 2576 bonus
914 2527 978 2576 erat
1000 2537 1076 2595 puer
1098 2520 1155 2578 sed

159 2624 275 2677 amicos
298 2618 422 2677 amabat
440 2617 551 2702 malos.
596 2617 742 2695 Agricola
764 2617 855 2694 igitur
880 2625 976 2694 puero
1000 2618 1155 2678 calathum

158 2723 319 2792 pomorum
334 2716 459 2792 plenum
475 2717 537 2775 dat.
583 2718 670 2775 Bona
691 2716 870 2776 continebat
891 2716 1032 2776 calathus
1052 2726 1152 2795 poma,

157 2834 259 2891 pauca
285 2824 389 2874 tamen
421 2825 509 2874 erant
540 2815 673 2893 putrida.
730 2818 809 2874 Puer
841 2816 957 2875 donum
992 2816 1155 2893 diligenter

157 2923 252 2988 eilrat,
269 2915 325 2974 sed
340 2923 433 2992 poma
447 2916 529 2973 mala
546 2916 704 2974 maculant
723 2915 815 2987 bona,
832 2924 863 2973 et
886 2933 956 2974 mox
979 2917 1059 2975 mala
1082 2928 1154 2977 sunt

157 3024 278 3073 cincta.
332 3015 462 3074 Carolus
495 3025 631 3074 maestus
664 3015 824 3074 adversam
856 3015 1010 3074 fortunam
1042 3016 1151 3092 plorat.

157 3115 237 3172 Tum
256 3115 390 3192 agricola
411 3114 510 3172 filiurn
533 3114 575 3174 ita
597 3123 723 3173 monet:
749 3117 873 3174 “Poma
895 3115 975 3172 mala
998 3117 1154 3175 maculant
1262 3125 1264 3128 ’

122 3231 125 3238 ’
158 3214 249 3286 bona,
266 3222 349 3274 certe
365 3215 438 3272 mali
453 3223 543 3273 amici
558 3214 757 3273 maculabunt
771 3233 900 3291 puerum
915 3216 1062 3275 bonum.''

223 3340 348 3406 impiger,
367 3346 418 3389 nin
437 3346 626 3404 ignavus,1,1.
745 3343 850 3406 cuncta,
864 3343 957 3390 omnia.

223 3424 344 3490 plenum,
358 3438 380 3482 2,
396 3439 417 3471 1.
746 3427 876 3488 maestus,
889 3427 976 3472 trista.

222 3519 295 3573 mox,
310 3521 331 3565 1,
345 3520 367 3573 5.
745 3507 898 3572 adversam,
912 3510 1016 3556 malam.
