2692 3959
170 257 204 309 ⁶4
554 231 795 306 >antenorea

174 425 305 506 Lyd6u;
326 406 482 486 fortunam
497 443 589 502 quam
604 425 685 486 bene
703 424 840 485 meruisti
858 443 968 502 carpe;
991 424 1074 483 huuc
1088 424 1176 485 euim

173 535 285 604 panem
294 526 378 586 iussu
390 525 470 603 regis
480 534 509 586 ei
518 544 610 602 quem
620 525 724 585 inveni
733 525 950 603 probissimum
959 524 1089 585 libenter
1100 525 1174 585 do.'’

239 660 348 724 probus,
361 673 421 722 opp.
434 659 589 715 inhonestus,
601 656 625 715 8,
640 671 661 706 1.
764 657 930 724 deciderunt,
942 659 983 722 69,
995 658 1029 707 ad
1040 658 1083 707 tin.

239 742 347 807 edebat,
362 754 400 807 57,
413 740 447 790 ad
458 740 502 790 fin.
764 742 853 793 nescio
865 744 1055 806 que-:aliqua

239 826 353 890 emerat,
366 824 406 888 69,
418 823 452 873 ad
464 823 506 873 fin.
764 827 838 890 tissi,
850 825 891 890 63,
903 824 938 873 ad
949 824 992 874 fin.

240 908 355 973 nummi,
368 907 408 973 36,
420 907 444 957 6.
763 921 853 974 carpe,
866 907 906 974 38,
918 906 942 959 6.

532 1130 579 1191 71.
619 1117 813 1191 Hospitality.

218 1247 318 1307 Multa
332 1246 506 1307 audivimus
521 1246 646 1306 deluxit
662 1236 838 1322 divitiisque
853 1252 959 1306 ebrum
976 1245 1174 1307 sacerdbtum

175 1356 227 1425 qui
251 1356 347 1407 sacris
371 1347 492 1408 Cereris
516 1350 687 1424 praeerant.
733 1348 778 1405 Ex
803 1347 852 1406 his
877 1356 964 1418 unus,
987 1356 1036 1406 cui
1058 1354 1171 1407 nemen

175 1456 240 1507 erat
265 1448 375 1526 Lycus,
399 1465 586 1524 quamquam
607 1446 746 1506 modices
768 1441 860 1505 modo
883 1446 1005 1506 divitias
1027 1448 1172 1519 habebat,

175 1553 282 1607 omnes
306 1547 383 1607 aiies
407 1546 599 1625 benignitete
626 1556 657 1606 et
679 1545 862 1606 liberalitate
886 1548 1059 1623 superabat.
1108 1549 1173 1607 Hic

176 1647 266 1721 enim,
284 1656 337 1725 qui
352 1647 477 1707 cottidie
495 1646 598 1706 cibum
619 1645 714 1706 semel
734 1646 855 1718 edebat,
872 1665 994 1724 semper
1014 1648 1053 1706 ad
1072 1648 1174 1725 fruge-

176 1749 236 1807 lem
251 1754 360 1807 cenam
375 1746 466 1807 bines
481 1753 632 1824 pauperes
647 1747 787 1805 vocebat.
826 1746 1003 1824 Aliquande
1018 1748 1090 1806 dum
1102 1767 1173 1806 cum

176 1847 297 1908 duobus
319 1847 507 1926 pauperibus
529 1854 640 1907 censure
666 1847 782 1924 incipit,
806 1847 914 1906 tertius
936 1830 1057 1923 hospes,
1081 1867 1174 1925 quem

176 1948 242 2026 ipse
262 1955 325 2008 nen
346 1956 517 2019 voceverat
534 1947 659 2006 domum
681 1946 814 2006 intravit.
859 1949 939 2006 Tum
962 1949 1073 2027 Lycus,
1089 1950 1175 2026 quod
1231 1978 1234 1982 ·

176 2055 254 2108 cena
282 2058 426 2126 quattuor
454 2055 592 2107 convivis
626 2054 690 2107 nen
720 2048 910 2123 suppetebat,
942 2067 1030 2107 suum
1060 2049 1174 2118 lectum

177 2149 314 2210 advenae
329 2147 490 2208 concessit.
539 2146 690 2226 (Remini
705 2147 796 2219 enim,
813 2149 885 2207 dum
900 2155 1021 2221 cenant,
1038 2149 1070 2207 in
1085 2148 1175 2208 lectis

176 2267 297 2326 semper
311 2248 478 2329 iacebant.)
525 2248 629 2320 “Tu”
645 2247 754 2324 inquit,
773 2248 894 2307 “hodie
909 2255 986 2307 cene
1000 2272 1007 2321 ;
1030 2248 1176 2325 equidem

177 2350 242 2410 heri
257 2356 365 2409 cenevi
380 2372 386 2422 3
409 2357 478 2408 cres
493 2366 626 2426 quoque,
643 2356 670 2407 si
685 2348 734 2407 dis
748 2348 791 2407 ita
805 2348 914 2425 placet,
931 2349 1080 2408 cenebe.”

225 2481 376 2548 praeerant,
390 2481 459 2531 from
466 2489 599 2545 praesum.
734 2482 867 2547 convivia,
880 2496 903 2545 9,
920 2496 940 2529 1.

226 2565 405 2631 benignifite,
419 2565 452 2615 cf.
465 2567 593 2630 benignus,
609 2578 646 2622 11,
662 2579 682 2612 1.
734 2566 844 2630 lectum,
860 2579 897 2630 57,
911 2580 933 2627 7.

225 2652 367 2716 pauperes,
381 2663 421 2711 70,
436 2663 456 2698 r.
734 2649 787 2741 dia,
800 2648 869 2697 from
881 2650 948 2707 deus,
964 2664 1002 2715 13,
1014 2649 1048 2699 ad
1060 2649 1103 2700 fin.

396 2871 443 2932 72.
483 2858 617 2931 Honesty
635 2859 663 2913 is
682 2860 733 2914 the
751 2858 823 2914 Best
841 2859 953 2932 Policy.

219 2986 341 3059 Pedius,
355 2985 489 3064 agricola
503 2986 625 3062 probus
639 2994 693 3062 qui
704 2986 800 3045 multe
812 2987 917 3046 labere
929 2987 1045 3065 aliquid
1057 2999 1178 3066 argenti

177 3086 360 3163 conlegerat,
384 3104 510 3144 vaccam
536 3086 662 3145 tandem
688 3085 769 3157 emit,
793 3086 879 3145 cuius
902 3087 980 3146 lacte
1003 3097 1034 3146 et
1055 3095 1123 3147 sese
1145 3100 1178 3149 et

176 3187 289 3245 liberos
305 3186 415 3245 alebat.
461 3186 642 3261 Complures
657 3192 781 3245 menses
797 3186 872 3245 satis
887 3188 993 3262 pebuli
1007 3189 1178 3265 praebebat

176 3295 298 3363 pretam
315 3286 399 3344 haud
419 3285 462 3345 ita
481 3295 644 3362 megnum3
668 3294 700 3344 at
721 3285 822 3346 medie
846 3296 970 3360 aestate,
988 3289 1071 3364 quod
1092 3297 1177 3348 totus

177 3404 250 3462 ager
264 3386 374 3445 erdere
387 3386 465 3476 solis
482 3385 662 3456 torrebatur,
680 3385 733 3442 illa
753 3386 835 3445 fame
857 3386 968 3447 misere
989 3407 1096 3464 pressa
1118 3400 1175 3449 est.

179 3486 251 3547 Hbc
267 3484 319 3544 ubi
336 3485 432 3548 sensit
448 3484 570 3558 Pedius,
588 3484 670 3561 quod
686 3484 834 3548 acerrimo
852 3485 957 3548 dolore
979 3488 1177 3568 perturbatus
