2692 3959
165 317 200 370 36
546 316 785 365 ANECDOTES.

165 485 305 563 principe
326 493 438 562 panem
460 485 656 544 vehementer
678 483 812 561 petebat.
857 482 997 542 Tandem
1018 482 1165 560 precibus

166 594 272 646 ebrum
290 586 392 645 fessus
414 593 557 661 princeps
578 583 710 643 crudelis
728 590 834 642 omnes
849 582 881 641 in
896 583 1038 643 horreum
1053 582 1164 661 ingens

167 695 246 745 vini
269 692 323 762 spe
345 685 407 744 cibi
428 683 555 743 indixit.
578 707 581 711 ·
601 684 686 756 Mox,
710 683 763 742 ubi
784 683 926 743 horreum
949 684 1073 759 plenum
1094 683 1163 756 ruit,

166 786 305 845 flammis
320 792 402 845 tecti>
418 784 555 844 admrivit
569 793 600 843 et
617 791 723 843 omnes
745 784 784 841 ad
804 793 898 842 imum
918 782 1038 842 delevit.
1085 783 1164 843 Inde

166 887 240 946 dum
262 885 446 946 climriribus
468 884 645 944 miserrimis
667 893 699 942 et
720 873 838 943 caelum
859 893 889 942 et
908 892 989 942 terra
1008 893 1163 957 resonant,

168 986 339 1058 “Audite”
356 985 462 1060 inquit,
482 983 639 1043 “minium
659 976 851 1042 sniddrem.'’
894 982 956 1040 Vix
977 1002 1014 1043 ea
1035 982 1163 1054 dixerat,

167 1105 237 1146 cum
252 1093 360 1145 vdcem
374 1093 517 1161 magnam
533 1083 660 1142 comites
676 1082 812 1142 audiunt.
858 1089 876 1116 “
886 1085 929 1141 At
943 1082 1042 1155 miser,
1056 1091 1165 1159 paucis

167 1194 238 1263 post
252 1184 361 1244 diebus
376 1183 468 1243 iidem
483 1190 584 1242 miris
599 1192 686 1241 tuum
701 1201 813 1259 corpus
827 1182 1049 1241 devorabuntl’

234 1349 331 1411 famia,
345 1349 385 1415 38,
397 1349 421 1400 6.
732 1349 813 1408 ῒδάῦ,
828 1347 860 1397 cf.
873 1353 999 1406 texerunt,
1012 1347 1052 1413 38,
1067 1362 1105 1397 12.

235 1434 341 1499 ingene,
355 1447 395 1499 31,
410 1447 447 1482 ιι.
693 1429 695 1432 ’
733 1431 825 1491 miser,
838 1433 939 1480 wretch.

326 1674 374 1730 40.
414 1660 476 1715 The
495 1658 572 1715 Rata
591 1660 623 1714 in
642 1659 693 1715 the
711 1658 1001 1713 Bam-continued.

212 1839 249 1894 In
272 1835 374 1896 medici
397 1835 507 1895 Rheni>
528 1836 608 1895 ftirte
631 1841 669 1894 ef>
691 1844 827 1911 tempore
849 1834 951 1894 stabat
972 1835 1063 1895 turris
1086 1834 1165 1894 altis
1201 1831 1205 1835 “

170 1936 264 2009 sima3
287 1936 347 1994 hirc
359 1934 581 2022 princepsdira
592 1934 861 2026 vnceperterritus
873 1934 970 2011 fugit3
992 1934 1069 1992 nihil
1084 1934 1165 1994 enirn

170 2044 251 2112 aqui
272 2036 367 2095 tritius
388 2035 490 2094 habet.
544 2036 606 2093 Hic
633 2044 728 2093 imum
753 2034 835 2094 diem
864 2035 1009 2093 manebat
1031 2043 1114 2094 tiitus
1135 2044 1166 2094 et

171 2135 315 2206 alterum;
338 2135 427 2195 tertia
447 2137 550 2195 tamen
573 2144 663 2193 nocte
683 2134 828 2193 custodes
845 2133 928 2193 mille
943 2134 1055 2211 pedum
1072 2133 1165 2210 crepi-

170 2244 235 2294 turn
250 2234 387 2293 audiunt.
433 2236 508 2293 Mox
523 2233 575 2292 ubi
588 2234 634 2293 scil
646 2233 745 2292 noctis
758 2233 882 2293 umbris
892 2233 1020 2311 fugivit,
1033 2233 1165 2293 immine

170 2343 343 2411 portentum
363 2333 476 2392 vident.
529 2334 701 2408 Utramque
722 2333 803 2392 enim
819 2342 916 2409 ripam
932 2332 1066 2392 fliminis
1080 2333 1166 2392 innu-

171 2434 326 2494 merabilis
355 2434 485 2492 murium
514 2433 676 2493 multitude
709 2433 850 2510 complet.
909 2435 974 2491 Iam
1005 2440 1105 2492 mitres
1133 2433 1166 2490 in
1251 2426 1254 2430 ⁴

172 2554 283 2611 aquam
314 2534 460 2594 desiliunt
492 2534 659 2609 turrimque
693 2542 808 2609 petunt.
870 2534 993 2592 Friistri
1023 2542 1167 2609 princeps

171 2644 275 2713 portis
289 2622 502 2711 fenestrasque
517 2635 659 2705 obserat3
681 2633 713 2691 hi
729 2633 809 2692 enirn
827 2634 980 2692 scandunt
997 2640 1107 2705 mincis,
1124 2632 1168 2690 illi

172 2744 269 2795 acritis
290 2735 434 2795 dentibus
456 2734 574 2811 ligneas
595 2741 701 2809 portis
724 2733 844 2792 rridunt.
891 2733 1009 2792 Passim
1027 2733 1059 2791 in
1075 2732 1169 2792 aedes

171 2835 343 2912 irrumpunt
370 2844 401 2895 et
430 2834 562 2894 iiniversi
592 2833 624 2891 in
654 2832 824 2910 principem
857 2832 1003 2909 impetum
1039 2832 1166 2891 iaciunt.

173 2937 297 2995 Fristri
319 2935 346 2993 is
367 2934 443 2995 deris
466 2933 588 2993 invocat
611 2940 714 3004 ῑῐᾶῑόε,
738 2939 871 2991 sescenti
893 2931 973 2992 enirn
999 2932 1104 2991 hostes
1129 2952 1169 2991 ex

171 3035 294 3094 ossibus
308 3042 410 3094 cutem
425 3033 574 3092 divellunt
585 3043 616 3091 et
627 3031 758 3091 crudelis
770 3033 844 3090 facti
856 3031 1020 3090 terribilem
1037 3039 1186 3108 poenam*

172 3143 304 3194 sirmunt.

238 3300 305 3360 diri,
323 3314 359 3365 15,
372 3313 395 3360 4.
737 3299 853 3358 obserat,
868 3312 907 3362 32,
921 3313 944 3359 4.

238 3383 326 3441 tutus,
339 3383 434 3439 salvus,
447 3395 486 3446 31,
501 3395 538 3431 10.
738 3380 852 3444 passim,
864 3381 915 3428 lnic
926 3381 997 3438 illac,
1013 3394 1049 3441 14,
1065 3394 1102 3430 10.

240 3464 366 3524 immine,
381 3465 477 3526 ingens,
491 3476 530 3527 39,
539 3476 563 3524 4.
740 3462 865 3521 sescenti,
880 3464 961 3512 milia.

239 3545 378 3608 desiliunt,
393 3558 432 3614 33,
445 3559 468 3614 3.
739 3544 883 3606 divellunt,
898 3558 937 3614 24,
950 3559 972 3595 2.
