2692 3959
163 245 213 295 100
485 221 572 295 'THE
594 247 832 298 ARGONAUTS.

165 413 300 473 niebant.
345 414 487 473 Tradunt
499 423 601 473 autern
613 414 645 472 in
659 416 720 475 hac
732 423 860 476 numere
871 416 968 476 fuisse
982 416 1159 489 Herculem,

163 514 331 590 Orpheum,
348 513 561 574 citharoedum
587 515 875 591 praeclarissimum,
901 517 1066 589 Theseum,
1087 518 1161 575 Cas-

163 620 314 673 tetemet
337 614 450 672 multos
474 613 560 685 alias,
585 621 715 689 quarum
741 614 867 675 nomina
890 615 1051 675 netissima
1077 624 1158 675 sunt.

163 715 209 772 Ex
233 714 281 772 his
308 716 411 785 Iasan,
437 720 515 790 ques
540 714 704 773 arbitratus
730 724 777 774 est
803 716 842 775 ad
868 715 972 774 omnia
998 716 1160 775 subeunda

161 813 298 890 pericula
312 813 525 890 paratissimos
541 832 619 886 esse,
634 822 688 874 eos
704 815 743 874 ad
759 834 918 874 numerum
935 815 1159 892 quinquaginta

162 913 276 990 delegit
295 922 325 972 et
341 913 443 972 socies
466 913 526 973 sibi
550 914 706 974 adiunxit:
729 924 794 974 tum
812 923 928 993 paucos
944 915 1011 974 dies
1027 934 1159 974 commo

161 1022 255 1089 ratuS,
271 1022 304 1072 ut
331 1014 370 1072 ad
399 1021 507 1073 omnes
537 1023 628 1074 casus
655 1015 795 1074 subsidia
822 1024 1023 1093 compararet,
1049 1024 1158 1075 navem

162 1104 288 1173 dedirxit
303 1122 334 1172 et
357 1122 573 1190 tempestatem
591 1115 632 1173 ad
654 1115 860 1192 navigandum
882 1115 1027 1174 idoneam
1049 1126 1158 1175 nactus

163 1220 275 1290 magne
291 1231 360 1272 curn
375 1213 487 1290 plausu
501 1214 637 1273 omnium
654 1215 754 1274 solvit.

465 1436 529 1493 119.
570 1422 699 1478 AFatul
718 1422 856 1478 Mistake.

204 1567 301 1625 Haud
316 1567 443 1625 multum
459 1576 530 1644 post
545 1569 753 1644 Argonautae,
767 1566 810 1625 ita
825 1565 907 1624 enim
923 1566 1069 1642 appellati
1085 1575 1156 1626 sunt

162 1675 214 1745 qui
239 1666 271 1725 in
297 1666 357 1726 ista
380 1676 451 1726 navi
473 1667 672 1740 vehebantur,
701 1667 832 1725 insulam
852 1667 1008 1743 quandam
1032 1667 1158 1726 nemine

162 1766 310 1845 Cyzicum
326 1767 491 1844 attigerunt
507 1776 538 1825 et
553 1773 570 1825 e
586 1775 658 1826 navi
673 1773 789 1843 egressi
805 1775 824 1825 a
839 1773 910 1843 rege
926 1765 1007 1824 illius
1022 1767 1157 1843 regionis

161 1867 296 1944 hospitio
320 1875 441 1944 excepti
464 1877 544 1925 sunt.
590 1869 710 1925 Paucas
733 1867 825 1925 horas
849 1865 892 1925 ibi
916 1875 1096 1925 commorati
1116 1867 1157 1925 ad

161 1967 235 2026 solis
265 1974 409 2027 occasum
445 1976 548 2025 rursus
583 1966 756 2025 solverunt:
795 1975 833 2038 at,
864 1975 1028 2042 postquam
1057 1984 1158 2041 pauca

160 2065 256 2125 millia
281 2085 429 2142 passuum
453 2073 608 2143 progressi
632 2074 711 2136 sunt,
737 2074 823 2124 tanta
852 2074 1023 2141 tempestas
1052 2064 1156 2124 subito

160 2167 267 2225 coerta
288 2174 344 2238 est,
361 2175 394 2224 ut
418 2184 540 2224 cursum
562 2171 667 2224 tenere
697 2171 761 2224 non
784 2173 912 2240 possent
931 2174 961 2223 et
976 2164 1008 2222 in
1024 2164 1156 2223 eandem

159 2275 278 2343 partem
301 2266 426 2337 insulae,
452 2266 534 2324 unde
556 2274 655 2341 miper
677 2265 807 2341 profecti
830 2273 924 2336 erant,
948 2271 1061 2340 magne
1085 2283 1155 2323 cum

160 2365 297 2443 pericula
312 2365 513 2424 deicerentur.
559 2364 685 2423 Incolae
709 2373 822 2437 tamen,
839 2383 909 2423 curn
928 2382 989 2422 nox
1004 2371 1088 2422 esset
1103 2364 1156 2423 ob

160 2476 256 2538 scura,
274 2468 470 2542 Argonautas
490 2471 553 2523 non
577 2463 789 2540 agnoscebant
812 2472 843 2522 et
865 2472 975 2522 navem
999 2462 1155 2522 inimicam

159 2565 282 2625 venisse
306 2565 452 2637 arbitrati,
470 2582 554 2623 arma
573 2570 742 2640 rapuerunt
765 2572 796 2621 et
818 2571 872 2622 ees
887 2562 991 2640 egredi
1014 2563 1155 2639 prohibe-

159 2666 243 2725 bant.
287 2656 407 2723 Acriter
421 2663 453 2723 in
469 2663 556 2723 litore
571 2672 742 2741 pugnatum
755 2673 802 2722 est
818 2672 848 2721 et
864 2670 915 2721 rex
931 2663 1006 2740 ipse,
1021 2671 1155 2740 quicum

159 2765 226 2824 aliis
242 2766 464 2835 decucurrerat,
476 2764 515 2822 ab
528 2766 715 2840 Argonautis
728 2772 849 2822 occisus
861 2772 917 2822 est.
952 2764 1028 2821 Mox
1039 2771 1153 2834 tamen,

158 2884 228 2924 cum
244 2864 304 2923 iarn
320 2864 529 2935 dilucesceret,
544 2869 707 2921 senserunt
723 2862 842 2921 incolae
859 2869 892 2921 se
907 2870 1007 2920 errare
1023 2871 1054 2919 et
1070 2880 1154 2920 arma

159 2964 355 3024 abiecerunt:
392 2966 590 3039 Argonautae
629 2971 740 3033 autem,
772 2980 841 3020 cum
879 2960 1019 3019 viderent
1034 3041 1037 3049 1
1050 2965 1154 3037 regem

157 3072 294 3123 occisum
310 3081 389 3136 esse,
406 3071 550 3140 magnum
566 3062 703 3120 dolorem
719 3067 928 3137 perceperunt.

440 3283 504 3323 120.
544 3269 605 3323 The
623 3267 695 3322 Losa
714 3267 745 3322 ot
763 3267 869 3340 Hylas.

200 3412 353 3473 Postridie
375 3412 440 3471 eius
463 3411 523 3470 diei
547 3413 648 3484 lasau,
669 3419 887 3486 tempestatem
909 3410 986 3472 satis
1008 3411 1154 3472 idoneam

158 3531 228 3573 esse
254 3512 428 3584 arbitratus,
445 3529 564 3569 summa
579 3510 660 3571 enim
685 3512 891 3593 tranquillitas
909 3513 970 3571 iarn
986 3521 1154 3578 censecuta
