2692 3959
562 286 801 336 ANECDOTES.

446 501 493 559 80.
534 504 595 559 The
614 504 726 560 Gucrds
745 502 916 559 Outwitted.

229 642 393 714 Henricus,
418 648 471 700 rex
501 640 724 713 Britannorum,
751 650 803 716 qui
832 658 902 698 cum
931 639 1050 700 civibus
1079 640 1181 701 turbu-

185 742 276 802 lentis
291 742 403 802 bellum
424 742 559 818 gerebat,
575 740 673 799 filium
697 759 786 799 suum
809 740 959 816 equitatui
981 741 1179 816 praefecerat.

91 913 93 916 ¹
186 845 249 901 Hic
271 852 383 915 tamen,
400 840 519 900 iuvenis
541 850 620 912 acer,
637 841 721 916 quod
743 832 898 916 equitibus
919 840 1054 899 hostium
1076 841 1181 900 effusis

186 943 333 1003 audacius
349 942 508 1014 institerat,
519 941 644 1000 tandem
656 950 765 1017 captus
778 949 825 1000 est
837 941 876 999 ab
891 940 1040 999 hostibus.
1078 943 1181 1001 Victo

185 1051 234 1103 res
249 1052 360 1116 autem,
378 1051 429 1119 qui
452 1048 574 1117 captivo
596 1040 742 1100 volebant
763 1040 929 1117 indulgere,
947 1059 1016 1099 eum
1039 1041 1181 1100 sinebant

186 1143 310 1202 cottidie
325 1161 395 1202 cum
410 1151 517 1218 paucis
533 1141 714 1200 custodibus
729 1141 760 1199 in
783 1148 863 1216 equo
878 1141 957 1200 vehi.
1003 1140 1180 1217 Aliquando

186 1245 331 1303 custodes
346 1242 431 1302 iussu
446 1241 593 1319 principis
608 1241 687 1300 inter
702 1248 735 1300 se
750 1250 841 1300 cursu
853 1248 1003 1318 equorum
1018 1242 1181 1301 contende-

185 1345 270 1403 bant.
314 1344 455 1402 Tandem
470 1351 636 1419 postquam
659 1351 730 1417 equi
752 1342 888 1400 omnium
910 1352 1001 1401 cursu
1023 1351 1054 1401 et
1076 1343 1180 1402 labore

186 1444 319 1503 confecti
342 1453 422 1516 sunt
453 1451 606 1518 princeps,
637 1451 690 1518 qui
719 1450 738 1500 ta
766 1442 933 1501 certamine
963 1442 1001 1500 de
1014 1458 1017 1462 ’
1031 1442 1181 1502 industrii

186 1543 370 1616 abstinebat,
392 1550 409 1577 “
420 1528 497 1615 En,”
514 1542 622 1618 inquit,
641 1542 758 1601 “vobis
773 1560 886 1600 novum
902 1550 1057 1601 certamen
1072 1549 1181 1619 propo

186 1645 257 1704 n6.’'
302 1645 380 1703 Cum
396 1643 444 1702 his
460 1643 561 1701 verbis
577 1661 690 1717 equum
705 1641 857 1718 integrum
877 1641 1016 1701 incitavit
1033 1642 1181 1702 celeriter-

187 1763 247 1822 que
263 1751 279 1802 ἐ
295 1751 464 1819 conspectu
482 1742 616 1801 hostium
637 1743 791 1802 fessorum
810 1742 850 1800 ad
870 1749 985 1801 amicos
999 1750 1106 1802 vectus
1124 1753 1179 1802 est.

252 1877 426 1943 turbulentis,
438 1878 567 1934 seditiosis,
583 1890 621 1934 21,
634 1891 657 1941 3.
775 1876 925 1941 institerat,
937 1883 1085 1939 persecatus
1095 1883 1157 1925 erat.

252 1961 354 2026 effusis,
365 1962 458 2024 pulsis.
775 1959 901 2026 confecti,
914 1961 944 2009 de
955 1966 1008 2008 essi.

456 2176 503 2233 81.
544 2178 748 2249 ADisguised
767 2178 914 2233 Monarch.

229 2305 371 2377 Iacobus
399 2312 451 2364 rex
479 2306 648 2375 Scotorum,
675 2305 721 2365 vir
749 2305 864 2383 gloriae
893 2304 1032 2365 militaris
1062 2304 1191 2378 avidus·

186 2423 279 2482 saepe
295 2405 361 2465 sine
377 2405 439 2465 ullo
454 2406 564 2465 comite
580 2407 710 2478 errabat,
727 2416 812 2465 veste
835 2425 908 2465 suae
930 2407 1071 2465 fortunae
1094 2406 1182 2465 dissi-

186 2505 250 2563 mili
271 2506 404 2565 indutus.
449 2498 530 2565 Olim
547 2507 620 2565 dum
641 2525 697 2583 per
720 2506 875 2582 quandam
893 2506 1000 2565 silvam
1021 2506 1078 2565 iter
1097 2484 1179 2578 iecit,

186 2606 225 2664 de
241 2606 440 2682 improvisos
462 2605 559 2665 tribus
581 2606 752 2666 latronibus
774 2624 940 2683 oppressus
962 2606 993 2664 in
1016 2606 1182 2665 maximum

185 2705 296 2781 capitis
311 2705 478 2781 periculum
494 2706 646 2765 adductus
662 2717 717 2766 est.
763 2710 805 2765 At
824 2706 955 2765 rusticus
977 2707 1111 2782 quidam,
1129 2715 1182 2783 qui

185 2806 226 2863 ad
251 2805 426 2882 clangorem
451 2813 603 2865 armorum
628 2817 809 2879 occurrerat,
831 2787 933 2865 securi
958 2815 1093 2865 armatus
1118 2814 1182 2883 regi

187 2904 364 2965 volneribus
380 2914 411 2964 et
425 2905 530 2965 labore
546 2925 644 2982 paene
660 2907 805 2965 confecto
821 2906 965 2964 auxilium
981 2906 1083 2965 attulit
1097 2907 1182 2983 fugit-

185 3003 290 3081 vitque
317 3005 459 3065 latrones.
505 3007 585 3063 Tum
610 3005 663 3064 ubi
689 3006 819 3065 rusticus
844 3014 899 3082 pro
923 3014 1008 3066 tanto
1030 3006 1182 3066 beneficio

184 3104 354 3181 praemium
380 3105 520 3182 accipere
547 3105 652 3178 noluit,
678 3113 731 3164 rex
755 3106 928 3179 “Saltem”
953 3106 1062 3183 inquit,
1089 3107 1182 3166 “redi

185 3212 304 3263 mecum
325 3206 365 3263 ad
382 3206 498 3278 urbem,
516 3214 576 3281 qua
597 3212 628 3265 te
650 3206 745 3283 digno
768 3206 917 3283 accipiam
938 3208 1082 3283 hospitio,
1099 3207 1182 3283 quod

184 3303 252 3380 ipse
269 3305 351 3380 apud
366 3313 470 3383 regem
485 3305 623 3364 habito.”

231 3476 235 3480 .
252 3437 374 3502 indutus,
388 3452 427 3500 47,
441 3437 475 3487 ad
487 3438 530 3486 fin.
775 3452 929 3505 oppressus,
944 3447 1039 3502 raptus.

250 3521 283 3571 de
295 3520 452 3586 improviso,
465 3522 551 3569 subito.
774 3523 881 3588 attulit,
893 3522 963 3571 from
974 3524 1070 3587 affero.
