2692 3959
598 296 644 345 UL
652 296 766 346 l'SSES.

479 577 543 635 139·
583 564 644 620 The
663 564 754 620 Lotus
773 564 887 620 Eaters.

228 709 395 784 Postquam
416 717 518 766 tamen
542 727 641 784 pauca
656 707 751 765 millia
769 727 916 784 passuum
931 716 950 766 e
966 708 1053 767 litore
1069 707 1181 766 Treiae

185 814 339 885 pregressi
355 817 434 880 sunt,
452 818 539 866 tanta
553 817 724 884 tempestas
740 807 842 867 subite
857 810 963 867 cobrta
978 817 1034 880 est,
1051 808 1182 866 utnulla

186 907 310 967 nervium
334 926 456 966 cursum
480 915 585 967 tenere
609 917 725 985 posset,
746 908 801 967 sed
827 907 904 971 aliae
929 907 1005 966 alies
1029 908 1060 966 in
1078 914 1181 984 partes

186 1008 396 1066 disicerentur.
442 1008 539 1067 Nevis
562 1017 673 1080 autem,
698 1017 759 1084 que
782 1008 848 1084 ipse
871 1008 980 1067 Ulixes
1002 1009 1179 1080 vehebatur,

186 1115 216 1165 vi
239 1107 433 1183 tempestatis
458 1109 497 1166 ad
518 1108 677 1167 meridiem
701 1109 812 1179 deleta,
830 1107 951 1167 decime
971 1107 1021 1166 die
1046 1108 1086 1166 ad
1108 1108 1181 1167 litus

187 1207 302 1285 Libyae
326 1208 456 1283 appulsa
484 1217 541 1266 est.
593 1211 725 1267 Ancoris
755 1208 852 1280 iactiS,
884 1207 991 1267 Ulixes
1021 1207 1181 1267 censtituit

186 1308 351 1367 nenmillbs
375 1315 391 1366 e
415 1308 508 1367 sociis
538 1308 569 1366 in
600 1318 711 1367 terram
737 1316 899 1385 exponere,
925 1317 977 1384 qui
1000 1328 1111 1384 aquam
1141 1309 1181 1367 ad

186 1417 295 1466 nivem
311 1408 459 1467 referrent
475 1417 506 1466 et
526 1408 627 1484 quelis
645 1418 729 1467 esset
752 1418 861 1467 natura
876 1408 942 1467 eius
960 1407 1095 1485 regitinis
1112 1416 1181 1485 ceg-

185 1515 358 1566 nescerent.
418 1509 462 1566 Hi
488 1507 580 1585 igitur
608 1515 624 1567 e
654 1517 727 1566 nevi
756 1515 871 1585 egressi
901 1508 1051 1585 impereta
1078 1509 1180 1567 facere

185 1609 344 1683 parebant.
390 1609 472 1665 Dum
494 1617 599 1666 tamen
621 1609 739 1667 fontem
759 1617 919 1685 quaerunt,
937 1608 1120 1685 quibusdam
1143 1627 1181 1666 ex

185 1707 295 1767 incolis
310 1708 433 1766 obviam
448 1688 522 1767 facti
538 1709 577 1768 ab
593 1709 630 1767 iis
646 1708 781 1785 hospitii)
797 1718 916 1785 accepti
931 1718 1012 1768 sunt.
1056 1708 1181 1767 Accidit

186 1817 288 1866 autem
310 1817 344 1866 ut
365 1817 463 1867 victus
486 1816 590 1867 eerum
614 1808 773 1867 hominum
791 1816 808 1869 e
828 1816 905 1868 mire
923 1810 1057 1885 quedam
1079 1809 1181 1868 irirctii

185 1926 276 1983 quem
291 1908 388 1967 letum
404 1908 601 1985 appellabant
615 1927 714 1985 paene
730 1916 856 1967 omnine
871 1916 1035 1968 constitet.
1080 1909 1180 1982 Quem

184 2026 253 2065 cum
269 2009 382 2067 Graeci
403 2017 590 2085 gustassent,
608 2008 726 2085 patriae
749 2018 779 2067 et
801 2008 953 2068 socierum
975 2008 1078 2067 statim
1094 2009 1180 2067 obliti

185 2114 219 2165 se
240 2108 501 2167 cenfirmeverunt
520 2127 644 2184 semper
665 2109 698 2166 in
718 2118 756 2168 ee
774 2117 855 2167 terre
872 2116 1033 2168 mensures
1048 2117 1082 2167 ut
1097 2108 1180 2167 dulci

184 2206 237 2266 ille
252 2206 323 2268 cibe
339 2208 370 2266 in
386 2217 544 2267 aeternum
560 2218 766 2268 vescerentur.

373 2455 436 2510 140.
477 2442 538 2497 ine
556 2441 647 2498 Lotus
666 2442 771 2498 Euters
783 2475 822 2484 —
833 2442 991 2496 continued.

226 2587 269 2643 At
292 2583 409 2657 Ulixes,
427 2604 496 2644 cum
517 2585 557 2644 ab
581 2586 656 2645 here
678 2584 808 2662 septime
824 2586 864 2644 ad
879 2603 1041 2662 vesperum
1057 2603 1180 2661 exspec-

172 2686 289 2757 tasset,
320 2685 435 2743 veritus
465 2692 503 2743 ne
536 2685 613 2743 socii
649 2694 696 2743 sui
732 2685 764 2743 in
800 2685 937 2762 periculi>
973 2693 1176 2756 versarentur,

183 2784 348 2844 nennirlles
372 2791 389 2843 e
412 2785 538 2861 reliquis
562 2785 654 2857 misit,
671 2795 714 2858 ut,
742 2803 820 2860 quae
844 2804 938 2843 causa
960 2795 1043 2843 esset
1065 2803 1177 2857 morae,

183 2892 414 2962 cegnescerent.
461 2887 505 2942 Hi
531 2885 622 2962 igitur
651 2886 683 2942 in
707 2895 819 2944 terram
844 2884 983 2961 expositi,
1010 2885 1050 2943 ad
1079 2893 1179 2943 vicum

183 2993 235 3060 qui
258 2992 321 3044 nen
339 2985 430 3062 longe
447 2985 525 3043 efuit
546 2993 579 3044 se
597 2985 810 3044 contulerunt:
843 2992 904 3062 que
925 3003 994 3043 cum
1011 2983 1178 3056 venissent,

182 3085 284 3144 socies
296 3092 369 3144 sues
382 3085 469 3161 quasi
479 3092 551 3144 vine
561 3085 662 3145 ebries
674 3092 891 3162 reppererunt:
913 3094 978 3143 tum
990 3084 1042 3142 ubi
1054 3103 1179 3143 causam

182 3185 327 3245 veniendi
351 3185 532 3258 docuerunt,
549 3185 586 3243 iis
606 3186 792 3261 persuedere
808 3185 1007 3257 conabantur,
1025 3194 1058 3243 ut
1074 3191 1179 3243 secum

182 3285 222 3343 ad
245 3294 356 3344 nivem
378 3285 520 3344 redirent.
567 3285 616 3343 llli
636 3294 740 3344 tamen
762 3285 905 3344 resistere
921 3294 958 3343 ec
973 3292 1066 3342 manti
1081 3290 1114 3342 se
1129 3284 1179 3342 de-

180 3386 309 3444 fendere
332 3391 508 3461 coeperunt,
525 3404 618 3462 saepe
640 3385 834 3445 clamitantes
857 3392 890 3444 se
912 3402 1069 3460 nunquam
1088 3402 1126 3442 ex
1141 3391 1179 3442 ee

181 3485 249 3544 loce
265 3484 411 3544 abitinis.
457 3485 546 3559 Quae
562 3504 631 3544 cunr
649 3485 693 3542 ita
717 3494 829 3557 essent,
847 3485 945 3544 nuntii
960 3492 993 3543 re
1008 3484 1123 3542 inrecte
1139 3484 1179 3542 ad

182 3583 306 3645 Ulixem
328 3584 492 3646 redierunt.
539 3585 600 3643 His
620 3585 713 3646 rebus
736 3585 876 3664 cognitis,
895 3584 1003 3643 Ulixes
1021 3583 1088 3662 ipse
1108 3601 1178 3641 cum
