2692 3959
577 302 817 350 ANECDOTES.
1163 300 1195 351 83

198 478 347 544 pinquam
369 467 461 527 facile
479 468 642 528 descendit
656 477 856 546 gemmisque
877 475 990 545 migno
1011 467 1110 544 pretio
1127 474 1197 528 virn-

198 567 286 627 didit.

263 703 391 767 vagitus,
399 708 549 765 pererrdns.
722 702 1135 763 imivalle=imdpartcvallrh

265 783 451 851 interclisam,
465 786 657 834 circumdatam.
723 798 840 850 amem,
852 783 920 833 from
932 790 998 833 cari.

507 980 555 1040 95.
583 968 645 1024 The
664 967 782 1023 Giunt’s
800 968 883 1024 cave.

237 1081 327 1154 ldem
344 1095 439 1155 Sinon
456 1102 495 1154 ne
510 1095 559 1154 his
575 1094 700 1170 quidem
719 1094 835 1153 divitiis
856 1102 1020 1154 contentus
1036 1081 1195 1153 Oceanum

195 1193 305 1254 iterum
320 1204 439 1254 tentire
459 1195 641 1268 constituit;
664 1195 756 1254 celeri
778 1194 869 1272 igitur
891 1203 970 1253 nive
994 1213 1063 1252 cum
1087 1204 1194 1271 paucis

195 1294 289 1354 sociis
310 1302 416 1355 vectus
440 1304 540 1355 ventis
564 1296 702 1355 adversis
727 1295 767 1354 ad
790 1304 902 1355 terram
926 1301 1063 1371 ignotam
1086 1295 1194 1372 pulsus

195 1404 252 1469 est,
275 1415 367 1472 quam
387 1396 567 1455 incolebant
588 1396 730 1455 homines
753 1396 877 1454 barbari
901 1395 1028 1454 advenis
1052 1395 1194 1455 inimicis-

195 1495 273 1554 simi.
320 1497 364 1555 Hi
389 1496 514 1573 scaphis
543 1505 653 1556 nivem
683 1504 823 1574 aggressi
852 1495 997 1555 Sinonem
1030 1496 1193 1572 sociosque

196 1595 349 1655 dixerunt
377 1596 417 1682 ad
448 1615 537 1655 suum
566 1603 678 1673 regem,
708 1596 866 1673 gigantem
894 1595 1059 1654 immanem
1090 1596 1193 1671 specie

195 1695 342 1769 horribili,
360 1705 413 1773 qui
429 1705 522 1755 imum
535 1697 627 1755 modo
638 1696 762 1755 oculum
777 1696 809 1753 in
825 1695 927 1754 medii
941 1695 1041 1754 fronte
1058 1696 1193 1771 positum

194 1794 339 1855 habebat.
385 1798 453 1855 Rex
476 1805 641 1873 postquam
665 1804 804 1874 captivos
827 1802 935 1854 omnes
959 1804 1051 1853 mann
1075 1795 1193 1872 ingenti

194 1904 389 1970 tractaverat,
416 1915 454 1955 ex
483 1895 529 1969 iis,
561 1915 652 1974 quem
679 1895 914 1973 pinguissimum
940 1895 1093 1967 iiidiciivit,
1122 1904 1192 1972 igne

194 2004 309 2055 tostum
325 1995 492 2056 devoravit.
534 1998 636 2056 Ceteri
652 2006 764 2069 tamen,
782 1996 866 2073 quod
882 1996 1004 2054 incaute
1018 2004 1037 2054 ῖι
1053 1995 1192 2054 barbaris

194 2095 456 2169 custodiebantur,
473 2096 583 2155 eodem
598 2106 680 2168 veri,
697 2104 759 2173 quo
774 2116 878 2156 comes
899 2096 1005 2153 infelix
1024 2096 1192 2154 transfixus

194 2205 269 2269 erat,
296 2196 418 2256 oculum
443 2196 577 2273 gigantis
601 2196 782 2256 dormientis
806 2196 1038 2256 transfoderunt
1061 2204 1092 2255 et
1115 2196 1191 2256 velis

193 2303 347 2373 remisque
362 2305 381 2355 ῖι
396 2306 477 2356 terri
493 2296 673 2374 inhospitali
690 2297 842 2374 ingerunt.

260 2445 350 2512 sociis,
363 2448 500 2496 comitibus.
668 2447 759 2498 medii
768 2445 867 2512 fronte,
879 2447 1008 2496 cl.medid
1016 2446 1141 2510 nocte,87,
1153 2460 1191 2496 11.

260 2530 381 2597 scaphis,
396 2543 435 2595 51,
447 2530 471 2580 6.
667 2532 782 2596 tostum,
795 2545 835 2595 92,
849 2530 883 2580 ad
895 2530 939 2579 fin.

467 2694 515 2766 96.
543 2695 605 2752 The
624 2695 722 2769 Royal
742 2696 906 2765 sepulchre.

235 2822 333 2881 Haud
348 2822 391 2881 ita
405 2822 503 2883 multo
518 2832 590 2900 post
605 2824 751 2883 secundis
766 2832 867 2882 ventis
885 2823 981 2883 Sinon
997 2822 1135 2899 sociique
1151 2823 1191 2882 ad

192 2922 325 2980 insulam
339 2922 472 2982 fertilem
487 2933 518 2982 et
533 2932 667 3000 opimam
680 2930 761 2982 vecti
777 2934 856 2982 sunt.
899 2923 970 2997 Quo
985 2922 1017 2981 in
1033 2923 1101 2983 loco
1117 2924 1190 2983 dum

194 3021 290 3082 Sinon
306 3021 410 3082 studio
425 3022 546 3100 friigum
562 3024 785 3101 carpendirum
802 3022 958 3101 longiusei
978 3032 1051 3083 nivi
1066 3034 1154 3098 errat,
1171 3033 1190 3084 ἑ

192 3120 285 3181 sociis
301 3122 479 3182 infidelibus
499 3123 623 3183 relictus
644 3134 700 3183 est.
747 3125 814 3182 Rex
834 3132 939 3183 tamen
958 3123 1049 3182 huius
1071 3124 1190 3183 insulae

191 3220 346 3298 hospitem
364 3222 500 3300 benigne
521 3223 640 3300 accepit
662 3243 812 3300 suamque
832 3224 938 3297 filiam,
955 3223 1104 3301 virginem
1126 3225 1190 3301 pul-

191 3321 382 3395 cherrimam,
408 3331 436 3380 ei
456 3322 488 3380 in
509 3323 738 3382 matrimonium
762 3322 856 3383 dedit.
902 3324 940 3383 Id
960 3332 1063 3383 tamen
1087 3323 1190 3382 minus

190 3528 247 3588 est·
293 3522 373 3586 Tum
389 3529 481 3596 cives,
498 3523 582 3603 quod
598 3522 674 3585 dini
690 3524 757 3600 lege
772 3522 854 3582 viros
874 3533 935 3583 sini
954 3542 1022 3582 cum
1043 3523 1189 3582 uxoribus
