2692 3959
167 291 201 343 44
548 286 786 341 ANECDOTES.

208 455 328 513 Paucos
357 462 427 530 post
450 458 549 511 anntis
573 451 733 523 Herculis,
758 445 924 510 Oechaliae
947 454 1051 523 victor,
1076 447 1164 511 Iolr'en

166 562 318 629 captivam
342 551 487 611 Deianira
510 550 714 628 pulchritirem
744 551 906 610 adamavit.
953 552 1043 610 Haec
1072 550 1163 627 igitur

165 652 326 711 verbbrum
349 660 487 711 centauri
515 651 599 709 haud
628 650 794 723 immemor,
817 650 952 711 tunicam
974 649 1100 709 sitalem
1123 650 1163 709 ad

166 752 327 830 coniugem
343 751 434 811 misit.
480 753 573 811 Hanc
590 751 742 810 Hercules
762 751 904 811 incautus
927 749 1026 810 induit
1046 760 1077 810 et
1096 750 1163 827 ipse

166 861 293 911 nectitur
322 852 389 910 diri
418 860 448 910 vi
477 850 557 909 illius
585 858 697 911 veneni
726 858 788 928 qui>
818 850 890 910 ‹ilim
926 859 999 909 suris
1035 849 1163 927 sagittis

166 952 306 1012 tinxerat.

199 1083 325 1150 fallebat,
339 1084 378 1143 26,
390 1099 414 1147 4.
689 1084 818 1149 tinxerat,
831 1083 900 1132 from
912 1085 989 1147 tingri.

198 1167 300 1233 rapuit,
313 1167 345 1217 cf.
358 1170 472 1230 corripit,
485 1182 526 1230 42,
541 1180 562 1232 5.
688 1167 904 1232 iniquissimum,
915 1167 947 1217 cf.
957 1183 1045 1231 aequa,
1057 1166 1094 1225 18,
1104 1180 1128 1244 7.

199 1252 340 1317 sanguine,
353 1257 449 1310 cruirc,
463 1250 502 1316 38,
518 1265 549 1332 r.⁴
690 1251 789 1316 induit,
805 1264 842 1315 19,
857 1265 879 1300 2.

438 1417 486 1489 48.
527 1417 750 1475 Awonreffui
775 1417 889 1473 nrum.

207 1565 285 1624 Tres
308 1563 380 1624 filim
402 1563 535 1623 vizittires
553 1571 571 1622 i
590 1562 692 1622 Gallizi
713 1562 752 1620 acl
771 1553 894 1621 italiam
917 1561 975 1621 iter
995 1561 1161 1620 iaciebant.

166 1664 227 1722 Via
249 1673 314 1723 erat
333 1673 364 1723 et
384 1664 475 1741 longa
493 1673 524 1722 et
539 1661 725 1734 difficillima,
742 1661 825 1737 quod
848 1660 985 1737 undique
1006 1660 1163 1719 montibus

167 1764 323 1823 altissimis
353 1764 575 1823 continebitur.
636 1763 735 1837 Saepe
765 1770 908 1839 mignam
937 1760 999 1820 cibi
1027 1759 1163 1838 inopiam

166 1865 299 1924 viittires
314 1864 501 1935 tolerabant3
525 1862 649 1922 tandem
665 1861 741 1920 nihil
756 1861 815 1920 illis
831 1850 989 1938 supererat
1005 1860 1064 1920 nisi
1084 1863 1177 1920 imus

166 1964 264 2040 pinis,
294 1963 378 2022 haud
413 1964 456 2021 ita
490 1963 625 2041 grandis,
658 1981 750 2038 quem
785 1968 893 2021 omnes
929 1960 1163 2038 diligentissime

167 2064 340 2124 servibant.
388 2065 482 2122 Hunc
504 2063 563 2122 sibi
586 2062 717 2138 quisque
733 2062 877 2121 vindicat.
923 2061 1066 2137 Denique
1087 2061 1164 2121 fessi

167 2172 275 2224 sommi
298 2170 330 2223 se
353 2163 429 2221 dant
450 2170 624 2238 panemque
647 2169 825 2238 prtiptinunt
845 2170 944 2221 somni
963 2160 1163 2238 insignissimi

167 2265 345 2340 praemium.
406 2264 501 2322 Mine
535 2281 623 2321 suum
657 2262 788 2338 quisque
817 2261 981 2321 comitibus
1010 2260 1164 2320 somnium

168 2373 279 2424 narrat.
339 2365 459 2422 Primus
488 2382 525 2422 ex
553 2362 723 2422 viitbribus
754 2371 798 2421 sic
829 2361 953 2438 incipit:
993 2360 1102 2419 “Mihi
1131 2360 1164 2419 in

168 2465 287 2525 somnii)
310 2464 479 2542 apparebat
500 2471 608 2539 ripum
630 2462 893 2540 ingentissimum3
916 2461 968 2521 vix
983 2460 1015 2519 id
1035 2470 1165 2521 trecenti

167 2566 223 2623 viri
239 2584 276 2624 ex
292 2572 364 2642 agri)
384 2563 555 2623 trahebant.
601 2565 684 2621 Num
699 2570 754 2622 viis
775 2561 892 2638 aliquid
913 2562 972 2621 htic
995 2561 1164 2621 mirabilius

167 2665 340 2724 videbitis?
385 2664 465 2722 Mihi
479 2671 562 2723 certe
578 2663 747 2740 praemium
762 2662 920 2722 debetur.''

233 2815 395 2878 toleribant,
411 2827 447 2873 14,
462 2827 483 2876 3.
690 2813 847 2876 trahebant,
856 2810 889 2860 cf.
898 2810 1030 2868 abstrahit,
1043 2823 1080 2870 14,
1093 2823 1132 2857 11.

234 2899 382 2963 supererat,
398 2911 435 2955 10,
451 2897 474 2946 6.
691 2909 767 2961 num,
783 2909 820 2952 12,
833 2911 857 2956 4.

233 2982 395 3046 pripinunt,
409 2995 448 3042 41,
463 2993 485 3046 5.
691 2979 853 3039 mimbilius,
867 2992 907 3043 45,
922 2992 942 3026 1.

338 3177 386 3234 49.
427 3163 454 3217 A
478 3161 650 3219 wonderful
675 3160 992 3216 limam—continued.

210 3308 290 3364 Tum
312 3306 475 3377 secundus,
494 3304 681 3364 “Somnium
704 3303 828 3380 quidem
850 3312 958 3361 mirum
982 3301 1165 3373 nitrivisti;

169 3405 243 3463 mihi
265 3415 368 3464 tamen
391 3404 508 3481 aliquid
530 3403 699 3463 mirabilius
721 3412 821 3461 visum
843 3412 900 3462 est.
944 3404 1025 3461 Nam
1047 3400 1112 3460 vidi
1134 3400 1166 3458 in

169 3504 289 3563 somnii>
311 3512 366 3562 vis
389 3503 640 3580 ingentissimum,
665 3503 748 3577 quod
770 3502 821 3560 vix
843 3510 1003 3578 quingenti
1024 3499 1167 3559 homines
