2692 3959
162 288 211 339 116
575 291 621 339 UL
629 291 742 340 l'SSES.

164 457 288 535 quidem
303 458 480 518 hominibus
489 467 625 518 emoveri
640 469 754 535 posset.
800 461 888 533 Quae
900 480 970 518 curn
985 460 1028 518 ita
1042 469 1156 531 essent,

164 558 270 618 Ulixes
291 559 351 617 hee
373 558 491 618 destitit
514 567 626 618 conetu
646 570 677 618 et
697 560 737 618 ad
760 560 861 620 socies
875 560 984 631 rediit;
1009 569 1069 636 qui,
1087 579 1158 618 cum

163 658 385 718 intellexissent
410 667 472 736 que
497 659 527 716 in
558 659 627 717 loce
653 666 702 718 res
729 671 841 731 essent,
867 660 950 718 nulle
973 667 1027 736 spe
1050 659 1158 718 salutis

118 759 120 762 ’
163 759 277 830 oblata,
294 759 333 817 de
347 760 479 819 fertunis
497 767 561 818 suis
577 759 741 836 despexere
753 767 929 836 coeperunt.
976 760 1031 818 llle
1042 769 1156 830 tamen,

163 866 202 917 ne
218 859 337 917 animes
352 859 557 931 demitterent,
574 860 773 918 vehementer
787 859 927 918 hortatus
945 869 1011 918 est:
1034 860 1158 918 demen-

164 958 270 1017 strevit
286 965 318 1017 se
335 958 395 1016 iam
411 967 502 1018 antee
519 966 535 1017 e
550 958 654 1017 multis
669 968 702 1017 et
717 968 836 1036 magnis
852 960 995 1035 periculis
1011 958 1156 1031 evasisse,

164 1078 264 1135 neque
280 1058 407 1117 dubium
431 1078 499 1118 esse
516 1068 590 1136 quin
605 1059 637 1117 in
657 1067 746 1119 tante
760 1059 936 1120 discrimine
952 1058 995 1118 dii
1013 1058 1158 1117 auxilium

164 1158 294 1217 adleturi
310 1168 423 1218 essent.

421 1339 484 1393 144.
524 1324 551 1378 A
569 1324 643 1379 Plan
662 1323 708 1380 tor
726 1325 901 1394 Vengeanoe.

206 1450 283 1509 Orte
309 1450 385 1522 luce,
410 1451 616 1528 Polyphemus
640 1450 701 1508 iarn
725 1458 742 1510 e
768 1458 878 1511 somne
900 1450 1051 1510 excitetus
1077 1450 1159 1510 idem

165 1551 249 1627 quod
263 1551 409 1609 hesterne
424 1550 474 1609 die
488 1550 580 1621 fecit3
603 1560 752 1627 correptis
767 1551 849 1609 enim
864 1550 986 1610 duobus
1001 1558 1018 1610 e
1033 1550 1160 1627 reliquis

165 1650 246 1721 viris,
270 1669 392 1708 carnem
418 1657 524 1709 eerum
553 1650 618 1709 sine
648 1660 733 1709 more
762 1650 929 1711 devotevit.
974 1651 1062 1723 Tum,
1090 1669 1160 1709 cum

166 1769 273 1808 saxum
301 1749 477 1823 amovisset,
504 1750 570 1826 ipse
597 1769 666 1809 cum
695 1769 807 1826 pecore
833 1757 890 1809 sue
916 1769 954 1809 ex
979 1757 1069 1809 antre
1094 1757 1162 1825 pre

165 1869 290 1926 gressus
305 1859 352 1908 est
368 1873 373 1908 :
398 1851 481 1926 quod
497 1869 566 1909 cum
581 1850 721 1909 viderent
737 1852 856 1922 Graeci,
868 1858 1011 1926 megnam
1026 1851 1057 1908 in
1074 1868 1160 1926 spem

167 1957 316 2008 venerunt
339 1957 371 2008 se
392 1960 463 2025 post
486 1950 611 2026 paulum
637 1957 793 2010 evasuros
839 1952 914 2007 Mox
928 1959 1032 2008 tamen
1048 1949 1087 2008 ab
1101 1950 1161 2008 hec

167 2057 222 2125 spe
247 2050 362 2125 repulsi
392 2059 480 2108 sunt:
518 2070 588 2108 nam
615 2050 831 2128 Polyphemus
861 2046 1026 2126 postquam
1054 2055 1162 2108 omnes

167 2157 241 2208 oves
265 2150 412 2221 exierunt,
430 2169 537 2209 saxum
561 2151 591 2207 in
618 2151 718 2209 locum
742 2149 883 2209 restituit.
929 2150 1053 2226 Reliqui
1078 2157 1163 2209 omni

168 2257 222 2325 spe
246 2249 353 2308 salutis
369 2249 511 2326 deposita
531 2250 673 2309 lementis
696 2250 890 2327 lacrimisque
911 2258 945 2310 se
960 2250 1162 2309 dediderunt:

169 2349 277 2408 Ulixes
306 2357 379 2409 vere
405 2360 466 2425 qui,
492 2360 524 2408 ut
554 2358 645 2426 supre
669 2350 957 2422 demenstrivimus
983 2349 1028 2408 vir
1057 2357 1163 2426 megni

168 2450 226 2507 fuit
241 2449 359 2519 censili‚
376 2458 433 2507 etsi
450 2451 531 2508 bene
547 2449 746 2526 intellegebat
766 2469 830 2509 rem
845 2450 876 2508 in
892 2448 1067 2510 discrimine
1083 2467 1162 2520 esse,

169 2550 306 2609 nendum
318 2557 444 2609 omnine
456 2550 650 2626 desperebat.
696 2550 836 2608 Tandem
851 2560 1016 2627 postquam
1031 2548 1084 2608 dist
1098 2555 1164 2608 tete

170 2649 272 2708 anime
295 2649 449 2726 cogitaivit,
471 2650 530 2708 hec
552 2649 633 2726 cepit
654 2649 825 2709 censilium.
870 2638 897 2708 Ε
917 2650 1008 2727 lignis
1031 2666 1110 2724 quae
1132 2647 1164 2705 in

170 2757 259 2809 antre
275 2749 409 2825 reposita
424 2757 504 2820 sunt,
518 2749 621 2825 pelum
634 2758 779 2825 megnum
792 2749 922 2826 delegit:
948 2750 1031 2807 hunc
1046 2756 1165 2807 summai

170 2868 239 2909 cum
249 2849 407 2926 diligentie
419 2858 617 2925 praeacutum
626 2848 718 2921 lecit3
735 2858 799 2908 tum
809 2859 973 2925 postquam
985 2848 1078 2908 sociis
1090 2846 1165 2924 quid

170 2951 235 3007 lieri
251 2948 342 3008 vellet
357 2948 502 3021 ostendit,
518 2949 650 3007 reditum
667 2949 846 3027 Polyphemi
862 2948 1070 3025 exspectabat.

456 3160 519 3219 145.
560 3148 586 3202 Α
604 3147 691 3204 Glass
710 3148 767 3204 'loo
787 3147 885 3203 Much.

215 3274 278 3333 Sub
293 3292 456 3350 vesperum
476 3274 683 3351 Polyphemus
698 3274 738 3333 ad
758 3282 879 3333 antrum
899 3273 991 3332 rediit
1010 3282 1041 3332 et
1056 3273 1167 3331 eedem

172 3374 265 3432 mode
281 3380 343 3449 que
354 3381 445 3431 antee
460 3373 590 3431 cenavit.
636 3375 716 3431 Tum
734 3374 841 3432 Ulixes
857 3383 955 3432 utrem
970 3382 1033 3432 vini
1048 3380 1169 3449 premp

173 3473 221 3544 sit,
248 3491 339 3547 quem
361 3473 448 3543 ferte,
465 3482 499 3530 ut
521 3472 552 3529 in
575 3472 689 3531 telibus
713 3473 804 3532 rebus
831 3472 970 3531 accidere
997 3473 1167 3545 consuevit,

173 3578 278 3630 secum
308 3571 459 3643 attulerat,
491 3581 521 3630 et
550 3582 715 3647 postquam
745 3582 887 3650 magnam
918 3580 1066 3631 creteram
1096 3580 1168 3632 vine
