<?xml version="1.0" encoding="UTF-8"?>
<!DOCTYPE html PUBLIC "-//W3C//DTD XHTML 1.0 Transitional//EN"
    "http://www.w3.org/TR/xhtml1/DTD/xhtml1-transitional.dtd">
<html xmlns="http://www.w3.org/1999/xhtml" xml:lang="en" lang="en">
 <head>
  <title>
</title>
<meta http-equiv="Content-Type" content="text/html;charset=utf-8" />
  <meta name='ocr-system' content='tesseract 3.04.00' />
  <meta name='ocr-capabilities' content='ocr_page ocr_carea ocr_par ocr_line ocrx_word'/>
</head>
<body>
  <div class='ocr_page' id='page_1' title='image "./newgradatimarev00heatgoog_0135.png"; bbox 0 0 2692 3959; ppageno 0'>
   <div class='ocr_carea' id='block_1_1' title="bbox 496 280 1144 355">
    <p class='ocr_par' dir='ltr' id='par_1_1' title="bbox 496 280 1144 355">
     <span class='ocr_line' id='line_1_1' title="bbox 496 280 1144 355; baseline 0.008 -6"><span class='ocrx_word' id='word_1_1' title='bbox 496 280 509 292; x_wconf 81' lang='grc'><em>“</em></span> <span class='ocrx_word' id='word_1_2' title='bbox 562 301 731 350; x_wconf 72' lang='lat' dir='ltr'>rsrrssns.</span> <span class='ocrx_word' id='word_1_3' title='bbox 1095 303 1144 355; x_wconf 82' lang='lat'>123</span> 
     </span>
    </p>
   </div>
   <div class='ocr_carea' id='block_1_2' title="bbox 143 469 1142 747">
    <p class='ocr_par' dir='ltr' id='par_1_2' title="bbox 143 469 1142 747">
     <span class='ocr_line' id='line_1_2' title="bbox 143 469 1142 547; baseline 0 -19"><span class='ocrx_word' id='word_1_4' title='bbox 143 488 236 547; x_wconf 89' lang='lat' dir='ltr'>quam</span> <span class='ocrx_word' id='word_1_5' title='bbox 260 477 368 528; x_wconf 72' lang='lat' dir='ltr'>contra</span> <span class='ocrx_word' id='word_1_6' title='bbox 392 469 529 527; x_wconf 87' lang='lat' dir='ltr'>carmina</span> <span class='ocrx_word' id='word_1_7' title='bbox 555 469 685 528; x_wconf 65' lang='lat' dir='ltr'>maxime</span> <span class='ocrx_word' id='word_1_8' title='bbox 708 470 809 529; x_wconf 77' lang='lat' dir='ltr'>valere</span> <span class='ocrx_word' id='word_1_9' title='bbox 831 469 962 528; x_wconf 77' lang='lat' dir='ltr'>dicebat.</span> <span class='ocrx_word' id='word_1_10' title='bbox 1020 471 1142 528; x_wconf 87' lang='lat' dir='ltr'>“Hanc</span> 
     </span>
     <span class='ocr_line' id='line_1_3' title="bbox 144 567 1142 647; baseline 0 -18"><span class='ocrx_word' id='word_1_11' title='bbox 144 570 250 647; x_wconf 86' lang='lat' dir='ltr'>cape‚’&#39;</span> <span class='ocrx_word' id='word_1_12' title='bbox 267 568 375 645; x_wconf 86' lang='lat' dir='ltr'>inquit,</span> <span class='ocrx_word' id='word_1_13' title='bbox 395 575 454 627; x_wconf 89' lang='lat' dir='ltr'>“et</span> <span class='ocrx_word' id='word_1_14' title='bbox 468 567 521 627; x_wconf 92' lang='lat' dir='ltr'>ubi</span> <span class='ocrx_word' id='word_1_15' title='bbox 537 567 627 628; x_wconf 75' lang='lat' dir='ltr'>Circe</span> <span class='ocrx_word' id='word_1_16' title='bbox 643 575 673 627; x_wconf 75' lang='lat' dir='ltr'>te</span> <span class='ocrx_word' id='word_1_17' title='bbox 689 568 801 628; x_wconf 81' lang='lat' dir='ltr'>baculo</span> <span class='ocrx_word' id='word_1_18' title='bbox 816 567 959 645; x_wconf 88' lang='lat' dir='ltr'>tetigerit,</span> <span class='ocrx_word' id='word_1_19' title='bbox 976 577 1018 642; x_wconf 76' lang='lat' dir='ltr'>tir,</span> <span class='ocrx_word' id='word_1_20' title='bbox 1036 569 1142 629; x_wconf 77' lang='lat' dir='ltr'>stricto</span> 
     </span>
     <span class='ocr_line' id='line_1_4' title="bbox 144 663 1141 747; baseline 0.002 -20"><span class='ocrx_word' id='word_1_21' title='bbox 144 669 255 747; x_wconf 79' lang='lat' dir='ltr'>gladio,</span> <span class='ocrx_word' id='word_1_22' title='bbox 286 668 435 746; x_wconf 91' lang='lat' dir='ltr'>impetum</span> <span class='ocrx_word' id='word_1_23' title='bbox 464 668 496 726; x_wconf 92' lang='lat' dir='ltr'>in</span> <span class='ocrx_word' id='word_1_24' title='bbox 526 663 595 726; x_wconf 87' lang='lat' dir='ltr'>eam</span> <span class='ocrx_word' id='word_1_25' title='bbox 624 667 695 727; x_wconf 75' lang='lat' dir='ltr'>vide</span> <span class='ocrx_word' id='word_1_26' title='bbox 724 677 758 726; x_wconf 92' lang='lat' dir='ltr'>ut</span> <span class='ocrx_word' id='word_1_27' title='bbox 786 669 913 727; x_wconf 76' lang='lat' dir='ltr'>lacias’&#39;</span> <span class='ocrx_word' id='word_1_28' title='bbox 959 670 1019 728; x_wconf 85' lang='lat' dir='ltr'>His</span> <span class='ocrx_word' id='word_1_29' title='bbox 1049 669 1141 729; x_wconf 87' lang='lat' dir='ltr'>dictis</span> 
     </span>
    </p>
   </div>
   <div class='ocr_carea' id='block_1_3' title="bbox 145 768 1000 916">
    <p class='ocr_par' dir='ltr' id='par_1_3' title="bbox 145 768 1000 916">
     <span class='ocr_line' id='line_1_5' title="bbox 145 768 317 829; baseline -0.006 -1"><span class='ocrx_word' id='word_1_30' title='bbox 145 768 317 829; x_wconf 84' lang='lat' dir='ltr'>Mercurius</span> 
     </span>
     <span class='ocr_line' id='line_1_6' title="bbox 410 850 1000 916; baseline 0.002 -16"><span class='ocrx_word' id='word_1_31' title='bbox 410 852 560 900; x_wconf 85' lang='lat' dir='ltr'>“Mortales</span> <span class='ocrx_word' id='word_1_32' title='bbox 572 852 644 900; x_wconf 90' lang='lat' dir='ltr'>visus</span> <span class='ocrx_word' id='word_1_33' title='bbox 656 850 744 901; x_wconf 90' lang='lat' dir='ltr'>medio</span> <span class='ocrx_word' id='word_1_34' title='bbox 756 867 877 900; x_wconf 86' lang='lat' dir='ltr'>sermone</span> <span class='ocrx_word' id='word_1_35' title='bbox 888 851 1000 916; x_wconf 87' lang='lat' dir='ltr'>reliquit,</span> 
     </span>
    </p>
   </div>
   <div class='ocr_carea' id='block_1_4' title="bbox 220 925 952 999">
    <p class='ocr_par' dir='ltr' id='par_1_4' title="bbox 220 925 952 999">
     <span class='ocr_line' id='line_1_7' title="bbox 220 925 952 999; baseline 0.001 -17"><span class='ocrx_word' id='word_1_36' title='bbox 220 925 222 928; x_wconf 38' lang='lat'><strong><em>¹</em></strong></span> <span class='ocrx_word' id='word_1_37' title='bbox 276 935 311 983; x_wconf 91' lang='lat' dir='ltr'>Et</span> <span class='ocrx_word' id='word_1_38' title='bbox 321 935 413 999; x_wconf 89' lang='lat' dir='ltr'>procul</span> <span class='ocrx_word' id='word_1_39' title='bbox 424 934 452 983; x_wconf 91' lang='lat' dir='ltr'>in</span> <span class='ocrx_word' id='word_1_40' title='bbox 465 944 569 984; x_wconf 90' lang='lat' dir='ltr'>tenuem</span> <span class='ocrx_word' id='word_1_41' title='bbox 582 950 614 982; x_wconf 87' lang='lat' dir='ltr'>ex</span> <span class='ocrx_word' id='word_1_42' title='bbox 626 934 708 983; x_wconf 90' lang='lat' dir='ltr'>oculis</span> <span class='ocrx_word' id='word_1_43' title='bbox 721 935 826 984; x_wconf 90' lang='lat' dir='ltr'>evanuit</span> <span class='ocrx_word' id='word_1_44' title='bbox 838 935 952 983; x_wconf 88' lang='lat' dir='ltr'>auram.’&#39;</span> 
     </span>
    </p>
   </div>
   <div class='ocr_carea' id='block_1_5' title="bbox 388 1167 895 1240">
    <p class='ocr_par' dir='ltr' id='par_1_5' title="bbox 388 1167 895 1240">
     <span class='ocr_line' id='line_1_8' title="bbox 388 1167 895 1240; baseline -0.002 -17"><span class='ocrx_word' id='word_1_45' title='bbox 388 1180 452 1240; x_wconf 85' lang='lat'>155.</span> <span class='ocrx_word' id='word_1_46' title='bbox 493 1168 554 1223; x_wconf 76' lang='lat' dir='ltr'>The</span> <span class='ocrx_word' id='word_1_47' title='bbox 572 1167 770 1224; x_wconf 78' lang='lat' dir='ltr'>Enchantress</span> <span class='ocrx_word' id='word_1_48' title='bbox 789 1167 895 1223; x_wconf 84' lang='lat' dir='ltr'>Folled.</span> 
     </span>
    </p>
   </div>
   <div class='ocr_carea' id='block_1_6' title="bbox 141 1327 1158 2987">
    <p class='ocr_par' dir='ltr' id='par_1_6' title="bbox 141 1327 1158 2987">
     <span class='ocr_line' id='line_1_9' title="bbox 185 1327 1142 1405; baseline 0.001 -18"><span class='ocrx_word' id='word_1_49' title='bbox 185 1330 275 1387; x_wconf 86' lang='lat' dir='ltr'>Brevi</span> <span class='ocrx_word' id='word_1_50' title='bbox 294 1328 470 1387; x_wconf 82' lang='lat' dir='ltr'>intermisso</span> <span class='ocrx_word' id='word_1_51' title='bbox 489 1327 598 1405; x_wconf 77' lang='lat' dir='ltr'>spatio,</span> <span class='ocrx_word' id='word_1_52' title='bbox 617 1327 726 1388; x_wconf 77' lang='lat' dir='ltr'>Ulixes</span> <span class='ocrx_word' id='word_1_53' title='bbox 742 1329 782 1387; x_wconf 88' lang='lat' dir='ltr'>ad</span> <span class='ocrx_word' id='word_1_54' title='bbox 798 1327 902 1386; x_wconf 88' lang='lat' dir='ltr'>omnia</span> <span class='ocrx_word' id='word_1_55' title='bbox 920 1328 1056 1404; x_wconf 86' lang='lat' dir='ltr'>pericula</span> <span class='ocrx_word' id='word_1_56' title='bbox 1072 1328 1142 1388; x_wconf 92' lang='lat' dir='ltr'>sub-</span> 
     </span>
     <span class='ocr_line' id='line_1_10' title="bbox 142 1427 1141 1506; baseline 0 -19"><span class='ocrx_word' id='word_1_57' title='bbox 142 1429 246 1487; x_wconf 87' lang='lat' dir='ltr'>eunda</span> <span class='ocrx_word' id='word_1_58' title='bbox 260 1437 386 1506; x_wconf 75' lang='lat' dir='ltr'>paratus</span> <span class='ocrx_word' id='word_1_59' title='bbox 399 1427 509 1487; x_wconf 80' lang='lat' dir='ltr'>ostium</span> <span class='ocrx_word' id='word_1_60' title='bbox 526 1427 659 1504; x_wconf 66' lang='lat' dir='ltr'>pulsavit</span> <span class='ocrx_word' id='word_1_61' title='bbox 669 1437 700 1485; x_wconf 91' lang='lat' dir='ltr'>et</span> <span class='ocrx_word' id='word_1_62' title='bbox 710 1427 830 1486; x_wconf 85' lang='lat' dir='ltr'>foribus</span> <span class='ocrx_word' id='word_1_63' title='bbox 844 1428 1009 1503; x_wconf 85' lang='lat' dir='ltr'>patefactis</span> <span class='ocrx_word' id='word_1_64' title='bbox 1021 1428 1060 1487; x_wconf 88' lang='lat' dir='ltr'>ab</span> <span class='ocrx_word' id='word_1_65' title='bbox 1072 1427 1141 1504; x_wconf 74' lang='lat' dir='ltr'>ipsa</span> 
     </span>
     <span class='ocr_line' id='line_1_11' title="bbox 144 1527 1140 1605; baseline -0.001 -18"><span class='ocrx_word' id='word_1_66' title='bbox 144 1528 233 1588; x_wconf 85' lang='lat' dir='ltr'>Circe</span> <span class='ocrx_word' id='word_1_67' title='bbox 256 1528 390 1605; x_wconf 73' lang='lat' dir='ltr'>benigne</span> <span class='ocrx_word' id='word_1_68' title='bbox 412 1537 560 1604; x_wconf 85' lang='lat' dir='ltr'>exceptus</span> <span class='ocrx_word' id='word_1_69' title='bbox 582 1537 639 1586; x_wconf 91' lang='lat' dir='ltr'>est.</span> <span class='ocrx_word' id='word_1_70' title='bbox 685 1527 798 1587; x_wconf 89' lang='lat' dir='ltr'>Omnia</span> <span class='ocrx_word' id='word_1_71' title='bbox 814 1528 923 1586; x_wconf 79' lang='lat' dir='ltr'>eodem</span> <span class='ocrx_word' id='word_1_72' title='bbox 939 1528 1032 1586; x_wconf 81' lang='lat' dir='ltr'>modo</span> <span class='ocrx_word' id='word_1_73' title='bbox 1048 1537 1140 1604; x_wconf 91' lang='lat' dir='ltr'>atque</span> 
     </span>
     <span class='ocr_line' id='line_1_12' title="bbox 143 1626 1141 1702; baseline 0 -16"><span class='ocrx_word' id='word_1_74' title='bbox 143 1636 235 1686; x_wconf 74' lang='lat' dir='ltr'>antea</span> <span class='ocrx_word' id='word_1_75' title='bbox 258 1630 341 1686; x_wconf 85' lang='lat' dir='ltr'>facta</span> <span class='ocrx_word' id='word_1_76' title='bbox 365 1638 446 1687; x_wconf 90' lang='lat' dir='ltr'>sunt.</span> <span class='ocrx_word' id='word_1_77' title='bbox 492 1629 610 1687; x_wconf 80' lang='lat' dir='ltr'>Cenam</span> <span class='ocrx_word' id='word_1_78' title='bbox 634 1626 797 1702; x_wconf 69' lang='lat' dir='ltr'>magnifice</span> <span class='ocrx_word' id='word_1_79' title='bbox 816 1635 996 1685; x_wconf 67' lang='lat' dir='ltr'>instrictam</span> <span class='ocrx_word' id='word_1_80' title='bbox 1011 1628 1088 1686; x_wconf 85' lang='lat' dir='ltr'>vidit</span> <span class='ocrx_word' id='word_1_81' title='bbox 1110 1637 1141 1686; x_wconf 93' lang='lat' dir='ltr'>et</span> 
     </span>
     <span class='ocr_line' id='line_1_13' title="bbox 142 1727 1139 1803; baseline 0 -17"><span class='ocrx_word' id='word_1_82' title='bbox 142 1728 324 1787; x_wconf 85' lang='lat' dir='ltr'>accumbere</span> <span class='ocrx_word' id='word_1_83' title='bbox 347 1727 449 1787; x_wconf 74' lang='lat' dir='ltr'>inssus</span> <span class='ocrx_word' id='word_1_84' title='bbox 464 1736 521 1786; x_wconf 88' lang='lat' dir='ltr'>est.</span> <span class='ocrx_word' id='word_1_85' title='bbox 567 1728 650 1797; x_wconf 86' lang='lat' dir='ltr'>Mox,</span> <span class='ocrx_word' id='word_1_86' title='bbox 668 1727 721 1785; x_wconf 93' lang='lat' dir='ltr'>ubi</span> <span class='ocrx_word' id='word_1_87' title='bbox 739 1728 838 1786; x_wconf 80' lang='lat' dir='ltr'>fames</span> <span class='ocrx_word' id='word_1_88' title='bbox 853 1727 923 1786; x_wconf 80' lang='lat' dir='ltr'>cibo</span> <span class='ocrx_word' id='word_1_89' title='bbox 939 1727 1068 1803; x_wconf 77' lang='lat' dir='ltr'>depulsa</span> <span class='ocrx_word' id='word_1_90' title='bbox 1083 1736 1139 1800; x_wconf 85' lang='lat' dir='ltr'>est,</span> 
     </span>
     <span class='ocr_line' id='line_1_14' title="bbox 143 1826 1138 1904; baseline -0.003 -16"><span class='ocrx_word' id='word_1_91' title='bbox 143 1828 232 1888; x_wconf 82' lang='lat' dir='ltr'>Circe</span> <span class='ocrx_word' id='word_1_92' title='bbox 254 1827 396 1904; x_wconf 80' lang='lat' dir='ltr'>poculum</span> <span class='ocrx_word' id='word_1_93' title='bbox 420 1846 545 1887; x_wconf 87' lang='lat' dir='ltr'>aureum</span> <span class='ocrx_word' id='word_1_94' title='bbox 567 1834 640 1886; x_wconf 77' lang='lat' dir='ltr'>vino</span> <span class='ocrx_word' id='word_1_95' title='bbox 661 1827 812 1902; x_wconf 77' lang='lat' dir='ltr'>repletum</span> <span class='ocrx_word' id='word_1_96' title='bbox 828 1826 913 1885; x_wconf 87' lang='lat' dir='ltr'>Ulixi</span> <span class='ocrx_word' id='word_1_97' title='bbox 934 1826 1027 1885; x_wconf 88' lang='lat' dir='ltr'>dedit.</span> <span class='ocrx_word' id='word_1_98' title='bbox 1074 1826 1138 1900; x_wconf 84' lang='lat' dir='ltr'>Ille,</span> 
     </span>
     <span class='ocr_line' id='line_1_15' title="bbox 141 1926 1141 2004; baseline -0.004 -17"><span class='ocrx_word' id='word_1_99' title='bbox 141 1937 200 1987; x_wconf 88' lang='lat' dir='ltr'>etsi</span> <span class='ocrx_word' id='word_1_100' title='bbox 219 1927 394 2004; x_wconf 81' lang='lat' dir='ltr'>suspicatus</span> <span class='ocrx_word' id='word_1_101' title='bbox 415 1937 463 1986; x_wconf 89' lang='lat' dir='ltr'>est</span> <span class='ocrx_word' id='word_1_102' title='bbox 486 1933 639 1985; x_wconf 80' lang='lat' dir='ltr'>venenum</span> <span class='ocrx_word' id='word_1_103' title='bbox 662 1926 722 1985; x_wconf 91' lang='lat' dir='ltr'>sibi</span> <span class='ocrx_word' id='word_1_104' title='bbox 744 1935 885 2002; x_wconf 65' lang='lat' dir='ltr'>paratum</span> <span class='ocrx_word' id='word_1_105' title='bbox 901 1945 979 1999; x_wconf 88' lang='lat' dir='ltr'>esse,</span> <span class='ocrx_word' id='word_1_106' title='bbox 996 1926 1141 2003; x_wconf 78' lang='lat' dir='ltr'>poculum</span> 
     </span>
     <span class='ocr_line' id='line_1_16' title="bbox 142 2025 1140 2104; baseline -0.002 -17"><span class='ocrx_word' id='word_1_107' title='bbox 142 2027 299 2087; x_wconf 86' lang='lat' dir='ltr'>exhausit:</span> <span class='ocrx_word' id='word_1_108' title='bbox 321 2034 384 2104; x_wconf 77' lang='lat' dir='ltr'>quo</span> <span class='ocrx_word' id='word_1_109' title='bbox 405 2028 498 2099; x_wconf 79' lang='lat' dir='ltr'>facto,</span> <span class='ocrx_word' id='word_1_110' title='bbox 516 2025 615 2097; x_wconf 77' lang='lat' dir='ltr'>Circe,</span> <span class='ocrx_word' id='word_1_111' title='bbox 637 2035 802 2102; x_wconf 88' lang='lat' dir='ltr'>postquam</span> <span class='ocrx_word' id='word_1_112' title='bbox 827 2035 919 2103; x_wconf 88' lang='lat' dir='ltr'>caput</span> <span class='ocrx_word' id='word_1_113' title='bbox 940 2025 1007 2085; x_wconf 77' lang='lat' dir='ltr'>eius</span> <span class='ocrx_word' id='word_1_114' title='bbox 1029 2027 1140 2086; x_wconf 79' lang='lat' dir='ltr'>baculo</span> 
     </span>
     <span class='ocr_line' id='line_1_17' title="bbox 141 2125 1140 2204; baseline -0.001 -19"><span class='ocrx_word' id='word_1_115' title='bbox 141 2127 250 2204; x_wconf 86' lang='lat' dir='ltr'>tetigit,</span> <span class='ocrx_word' id='word_1_116' title='bbox 267 2146 304 2185; x_wconf 86' lang='lat' dir='ltr'>ea</span> <span class='ocrx_word' id='word_1_117' title='bbox 327 2127 421 2185; x_wconf 85' lang='lat' dir='ltr'>verba</span> <span class='ocrx_word' id='word_1_118' title='bbox 444 2126 547 2186; x_wconf 76' lang='lat' dir='ltr'>locsita</span> <span class='ocrx_word' id='word_1_119' title='bbox 567 2135 614 2185; x_wconf 91' lang='lat' dir='ltr'>est</span> <span class='ocrx_word' id='word_1_120' title='bbox 637 2125 750 2202; x_wconf 89' lang='lat' dir='ltr'>quibus</span> <span class='ocrx_word' id='word_1_121' title='bbox 776 2125 878 2185; x_wconf 80' lang='lat' dir='ltr'>socios</span> <span class='ocrx_word' id='word_1_122' title='bbox 903 2125 969 2185; x_wconf 81' lang='lat' dir='ltr'>eius</span> <span class='ocrx_word' id='word_1_123' title='bbox 993 2135 1085 2186; x_wconf 76' lang='lat' dir='ltr'>antea</span> <span class='ocrx_word' id='word_1_124' title='bbox 1108 2126 1140 2184; x_wconf 90' lang='lat' dir='ltr'>in</span> 
     </span>
     <span class='ocr_line' id='line_1_18' title="bbox 141 2225 1141 2304; baseline 0 -19"><span class='ocrx_word' id='word_1_125' title='bbox 141 2235 252 2304; x_wconf 80' lang='lat' dir='ltr'>porcos</span> <span class='ocrx_word' id='word_1_126' title='bbox 277 2236 480 2286; x_wconf 89' lang='lat' dir='ltr'>converterat.</span> <span class='ocrx_word' id='word_1_127' title='bbox 541 2228 604 2285; x_wconf 79' lang='lat' dir='ltr'>Res</span> <span class='ocrx_word' id='word_1_128' title='bbox 633 2235 738 2284; x_wconf 86' lang='lat' dir='ltr'>tamen</span> <span class='ocrx_word' id='word_1_129' title='bbox 768 2233 894 2286; x_wconf 81' lang='lat' dir='ltr'>omnino</span> <span class='ocrx_word' id='word_1_130' title='bbox 924 2225 1011 2285; x_wconf 89' lang='lat' dir='ltr'>aliter</span> <span class='ocrx_word' id='word_1_131' title='bbox 1040 2226 1141 2285; x_wconf 76' lang='lat' dir='ltr'>evenit</span> 
     </span>
     <span class='ocr_line' id='line_1_19' title="bbox 141 2325 1140 2404; baseline -0.001 -18"><span class='ocrx_word' id='word_1_132' title='bbox 141 2336 233 2404; x_wconf 87' lang='lat' dir='ltr'>atque</span> <span class='ocrx_word' id='word_1_133' title='bbox 256 2326 307 2385; x_wconf 91' lang='lat' dir='ltr'>illa</span> <span class='ocrx_word' id='word_1_134' title='bbox 330 2333 513 2404; x_wconf 79' lang='lat' dir='ltr'>speraverat.</span> <span class='ocrx_word' id='word_1_135' title='bbox 558 2328 660 2385; x_wconf 89' lang='lat' dir='ltr'>Tanta</span> <span class='ocrx_word' id='word_1_136' title='bbox 682 2325 764 2385; x_wconf 92' lang='lat' dir='ltr'>enim</span> <span class='ocrx_word' id='word_1_137' title='bbox 784 2335 831 2385; x_wconf 88' lang='lat' dir='ltr'>vis</span> <span class='ocrx_word' id='word_1_138' title='bbox 853 2335 918 2384; x_wconf 90' lang='lat' dir='ltr'>erat</span> <span class='ocrx_word' id='word_1_139' title='bbox 937 2325 1004 2385; x_wconf 76' lang='lat' dir='ltr'>eius</span> <span class='ocrx_word' id='word_1_140' title='bbox 1026 2326 1140 2385; x_wconf 84' lang='lat' dir='ltr'>herbae</span> 
     </span>
     <span class='ocr_line' id='line_1_20' title="bbox 142 2410 1158 2504; baseline -0.002 -18"><span class='ocrx_word' id='word_1_141' title='bbox 142 2446 234 2504; x_wconf 90' lang='lat' dir='ltr'>quam</span> <span class='ocrx_word' id='word_1_142' title='bbox 250 2428 379 2486; x_wconf 85' lang='lat' dir='ltr'>dederat</span> <span class='ocrx_word' id='word_1_143' title='bbox 395 2426 576 2499; x_wconf 66' lang='lat' dir='ltr'>Mercurius</span> <span class='ocrx_word' id='word_1_144' title='bbox 593 2435 627 2485; x_wconf 91' lang='lat' dir='ltr'>ut</span> <span class='ocrx_word' id='word_1_145' title='bbox 642 2445 744 2502; x_wconf 90' lang='lat' dir='ltr'>neque</span> <span class='ocrx_word' id='word_1_146' title='bbox 759 2433 913 2485; x_wconf 78' lang='lat' dir='ltr'>venenum</span> <span class='ocrx_word' id='word_1_147' title='bbox 929 2445 1030 2502; x_wconf 90' lang='lat' dir='ltr'>neque</span> <span class='ocrx_word' id='word_1_148' title='bbox 1046 2427 1140 2486; x_wconf 87' lang='lat' dir='ltr'>verba</span> <span class='ocrx_word' id='word_1_149' title='bbox 1155 2410 1158 2415; x_wconf 35' lang='lat'><strong>⁴</strong></span> 
     </span>
     <span class='ocr_line' id='line_1_21' title="bbox 142 2526 1141 2605; baseline -0.001 -19"><span class='ocrx_word' id='word_1_150' title='bbox 142 2528 311 2605; x_wconf 87' lang='lat' dir='ltr'>quidquam</span> <span class='ocrx_word' id='word_1_151' title='bbox 331 2528 451 2587; x_wconf 89' lang='lat' dir='ltr'>efficere</span> <span class='ocrx_word' id='word_1_152' title='bbox 471 2534 609 2604; x_wconf 88' lang='lat' dir='ltr'>possent.</span> <span class='ocrx_word' id='word_1_153' title='bbox 656 2527 765 2586; x_wconf 78' lang='lat' dir='ltr'>Ulixes</span> <span class='ocrx_word' id='word_1_154' title='bbox 781 2535 893 2596; x_wconf 87' lang='lat' dir='ltr'>autem,</span> <span class='ocrx_word' id='word_1_155' title='bbox 910 2535 989 2585; x_wconf 85' lang='lat' dir='ltr'>sicut</span> <span class='ocrx_word' id='word_1_156' title='bbox 1008 2526 1141 2585; x_wconf 86' lang='lat' dir='ltr'>iusserat</span> 
     </span>
     <span class='ocr_line' id='line_1_22' title="bbox 142 2625 1141 2705; baseline -0.003 -19"><span class='ocrx_word' id='word_1_157' title='bbox 142 2626 324 2700; x_wconf 84' lang='lat' dir='ltr'>Mercurius,</span> <span class='ocrx_word' id='word_1_158' title='bbox 340 2626 445 2705; x_wconf 75' lang='lat' dir='ltr'>gladio</span> <span class='ocrx_word' id='word_1_159' title='bbox 460 2627 566 2686; x_wconf 80' lang='lat' dir='ltr'>stricto</span> <span class='ocrx_word' id='word_1_160' title='bbox 582 2626 730 2702; x_wconf 89' lang='lat' dir='ltr'>impetum</span> <span class='ocrx_word' id='word_1_161' title='bbox 746 2625 777 2682; x_wconf 91' lang='lat' dir='ltr'>in</span> <span class='ocrx_word' id='word_1_162' title='bbox 793 2644 861 2685; x_wconf 91' lang='lat' dir='ltr'>eam</span> <span class='ocrx_word' id='word_1_163' title='bbox 876 2625 951 2684; x_wconf 81' lang='lat' dir='ltr'>iecit</span> <span class='ocrx_word' id='word_1_164' title='bbox 965 2635 996 2684; x_wconf 93' lang='lat' dir='ltr'>et</span> <span class='ocrx_word' id='word_1_165' title='bbox 1011 2636 1141 2685; x_wconf 88' lang='lat' dir='ltr'>mortem</span> 
     </span>
     <span class='ocr_line' id='line_1_23' title="bbox 141 2725 1139 2799; baseline -0.002 -15"><span class='ocrx_word' id='word_1_166' title='bbox 141 2727 349 2787; x_wconf 75' lang='lat' dir='ltr'>minitabatur.</span> <span class='ocrx_word' id='word_1_167' title='bbox 394 2728 474 2784; x_wconf 88' lang='lat' dir='ltr'>Tum</span> <span class='ocrx_word' id='word_1_168' title='bbox 488 2727 585 2799; x_wconf 72' lang='lat' dir='ltr'>Circe,</span> <span class='ocrx_word' id='word_1_169' title='bbox 599 2745 669 2785; x_wconf 91' lang='lat' dir='ltr'>cum</span> <span class='ocrx_word' id='word_1_170' title='bbox 685 2725 835 2785; x_wconf 74' lang='lat' dir='ltr'>sensisset</span> <span class='ocrx_word' id='word_1_171' title='bbox 851 2735 947 2785; x_wconf 87' lang='lat' dir='ltr'>artem</span> <span class='ocrx_word' id='word_1_172' title='bbox 964 2744 1050 2784; x_wconf 88' lang='lat' dir='ltr'>suam</span> <span class='ocrx_word' id='word_1_173' title='bbox 1063 2725 1139 2783; x_wconf 88' lang='lat' dir='ltr'>nihil</span> 
     </span>
     <span class='ocr_line' id='line_1_24' title="bbox 142 2825 1140 2903; baseline -0.001 -17"><span class='ocrx_word' id='word_1_174' title='bbox 142 2827 252 2900; x_wconf 76' lang='lat' dir='ltr'>valere,</span> <span class='ocrx_word' id='word_1_175' title='bbox 280 2827 383 2885; x_wconf 87' lang='lat' dir='ltr'>multis</span> <span class='ocrx_word' id='word_1_176' title='bbox 413 2845 481 2885; x_wconf 90' lang='lat' dir='ltr'>cum</span> <span class='ocrx_word' id='word_1_177' title='bbox 511 2826 645 2885; x_wconf 83' lang='lat' dir='ltr'>lacrimis</span> <span class='ocrx_word' id='word_1_178' title='bbox 674 2845 744 2884; x_wconf 89' lang='lat' dir='ltr'>eum</span> <span class='ocrx_word' id='word_1_179' title='bbox 774 2827 937 2885; x_wconf 77' lang='lat' dir='ltr'>obsecrare</span> <span class='ocrx_word' id='word_1_180' title='bbox 967 2825 1077 2903; x_wconf 90' lang='lat' dir='ltr'>coepit,</span> <span class='ocrx_word' id='word_1_181' title='bbox 1101 2833 1140 2885; x_wconf 75' lang='lat' dir='ltr'>ne</span> 
     </span>
     <span class='ocr_line' id='line_1_25' title="bbox 141 2926 416 2987; baseline -0.007 0"><span class='ocrx_word' id='word_1_182' title='bbox 141 2936 236 2987; x_wconf 87' lang='lat' dir='ltr'>vitam</span> <span class='ocrx_word' id='word_1_183' title='bbox 258 2926 416 2985; x_wconf 89' lang='lat' dir='ltr'>adimeret.</span> 
     </span>
    </p>
   </div>
   <div class='ocr_carea' id='block_1_7' title="bbox 405 3095 961 3197">
    <p class='ocr_par' dir='ltr' id='par_1_7' title="bbox 405 3095 961 3197">
     <span class='ocr_line' id='line_1_26' title="bbox 405 3095 961 3197; baseline 0 -18"><span class='ocrx_word' id='word_1_184' title='bbox 405 3124 469 3197; x_wconf 84' lang='lat'>156.</span> <span class='ocrx_word' id='word_1_185' title='bbox 509 3125 583 3196; x_wconf 79' lang='lat' dir='ltr'>Pige</span> <span class='ocrx_word' id='word_1_186' title='bbox 602 3124 735 3195; x_wconf 77' lang='lat' dir='ltr'>changed</span> <span class='ocrx_word' id='word_1_187' title='bbox 753 3131 784 3179; x_wconf 91' lang='lat' dir='ltr'>to</span> <span class='ocrx_word' id='word_1_188' title='bbox 804 3124 882 3179; x_wconf 79' lang='lat' dir='ltr'>Men.</span> <span class='ocrx_word' id='word_1_189' title='bbox 957 3095 961 3099; x_wconf 17' lang='grc' dir='ltr'>ι</span> 
     </span>
    </p>
   </div>
   <div class='ocr_carea' id='block_1_8' title="bbox 139 3284 1140 3663">
    <p class='ocr_par' dir='ltr' id='par_1_8' title="bbox 139 3284 1140 3663">
     <span class='ocr_line' id='line_1_27' title="bbox 183 3284 1138 3363; baseline -0.002 -16"><span class='ocrx_word' id='word_1_190' title='bbox 183 3287 292 3348; x_wconf 75' lang='lat' dir='ltr'>Ulixes</span> <span class='ocrx_word' id='word_1_191' title='bbox 314 3297 417 3347; x_wconf 85' lang='lat' dir='ltr'>autem</span> <span class='ocrx_word' id='word_1_192' title='bbox 437 3286 490 3345; x_wconf 90' lang='lat' dir='ltr'>ubi</span> <span class='ocrx_word' id='word_1_193' title='bbox 511 3285 608 3346; x_wconf 75' lang='lat' dir='ltr'>sensit</span> <span class='ocrx_word' id='word_1_194' title='bbox 631 3305 700 3345; x_wconf 86' lang='lat' dir='ltr'>eam</span> <span class='ocrx_word' id='word_1_195' title='bbox 720 3285 829 3345; x_wconf 82' lang='lat' dir='ltr'>timore</span> <span class='ocrx_word' id='word_1_196' title='bbox 852 3284 1044 3363; x_wconf 87' lang='lat' dir='ltr'>perterritam</span> <span class='ocrx_word' id='word_1_197' title='bbox 1060 3304 1138 3358; x_wconf 85' lang='lat' dir='ltr'>esse,</span> 
     </span>
     <span class='ocr_line' id='line_1_28' title="bbox 140 3385 1140 3465; baseline -0.003 -18"><span class='ocrx_word' id='word_1_198' title='bbox 140 3387 308 3465; x_wconf 73' lang='lat' dir='ltr'>postulavit</span> <span class='ocrx_word' id='word_1_199' title='bbox 324 3397 357 3446; x_wconf 94' lang='lat' dir='ltr'>ut</span> <span class='ocrx_word' id='word_1_200' title='bbox 372 3386 475 3446; x_wconf 79' lang='lat' dir='ltr'>socios</span> <span class='ocrx_word' id='word_1_201' title='bbox 491 3386 558 3446; x_wconf 91' lang='lat' dir='ltr'>sine</span> <span class='ocrx_word' id='word_1_202' title='bbox 574 3395 660 3445; x_wconf 68' lang='lat' dir='ltr'>mori</span> <span class='ocrx_word' id='word_1_203' title='bbox 676 3386 706 3443; x_wconf 92' lang='lat' dir='ltr'>in</span> <span class='ocrx_word' id='word_1_204' title='bbox 723 3387 888 3445; x_wconf 70' lang='lat' dir='ltr'>himinam</span> <span class='ocrx_word' id='word_1_205' title='bbox 904 3385 1038 3462; x_wconf 88' lang='lat' dir='ltr'>speciem</span> <span class='ocrx_word' id='word_1_206' title='bbox 1054 3387 1140 3444; x_wconf 79' lang='lat' dir='ltr'>redii-</span> 
     </span>
     <span class='ocr_line' id='line_1_29' title="bbox 140 3485 1139 3560; baseline -0.004 -14"><span class='ocrx_word' id='word_1_207' title='bbox 140 3496 232 3560; x_wconf 90' lang='lat' dir='ltr'>ceret‚</span> <span class='ocrx_word' id='word_1_208' title='bbox 259 3487 371 3547; x_wconf 89' lang='lat' dir='ltr'>certior</span> <span class='ocrx_word' id='word_1_209' title='bbox 396 3487 478 3546; x_wconf 92' lang='lat' dir='ltr'>enim</span> <span class='ocrx_word' id='word_1_210' title='bbox 504 3486 606 3545; x_wconf 83' lang='lat' dir='ltr'>iactus</span> <span class='ocrx_word' id='word_1_211' title='bbox 632 3495 698 3545; x_wconf 91' lang='lat' dir='ltr'>erat</span> <span class='ocrx_word' id='word_1_212' title='bbox 723 3495 741 3545; x_wconf 73' lang='lat' dir='ltr'>a</span> <span class='ocrx_word' id='word_1_213' title='bbox 767 3485 827 3545; x_wconf 79' lang='lat' dir='ltr'>deo</span> <span class='ocrx_word' id='word_1_214' title='bbox 855 3485 1010 3545; x_wconf 77' lang='lat' dir='ltr'>Mercurio</span> <span class='ocrx_word' id='word_1_215' title='bbox 1032 3493 1086 3545; x_wconf 78' lang='lat' dir='ltr'>eos</span> <span class='ocrx_word' id='word_1_216' title='bbox 1108 3485 1139 3543; x_wconf 90' lang='lat' dir='ltr'>in</span> 
     </span>
     <span class='ocr_line' id='line_1_30' title="bbox 139 3584 1140 3663; baseline -0.002 -19"><span class='ocrx_word' id='word_1_217' title='bbox 139 3594 250 3663; x_wconf 76' lang='lat' dir='ltr'>porcos</span> <span class='ocrx_word' id='word_1_218' title='bbox 272 3594 438 3645; x_wconf 80' lang='lat' dir='ltr'>conversos</span> <span class='ocrx_word' id='word_1_219' title='bbox 461 3605 548 3645; x_wconf 89' lang='lat' dir='ltr'>esse:</span> <span class='ocrx_word' id='word_1_220' title='bbox 571 3585 630 3644; x_wconf 90' lang='lat' dir='ltr'>nisi</span> <span class='ocrx_word' id='word_1_221' title='bbox 653 3585 686 3645; x_wconf 94' lang='lat' dir='ltr'>id</span> <span class='ocrx_word' id='word_1_222' title='bbox 706 3586 823 3644; x_wconf 82' lang='lat' dir='ltr'>factum</span> <span class='ocrx_word' id='word_1_223' title='bbox 844 3594 935 3657; x_wconf 86' lang='lat' dir='ltr'>esset,</span> <span class='ocrx_word' id='word_1_224' title='bbox 952 3584 1089 3644; x_wconf 91' lang='lat' dir='ltr'>ostendit</span> <span class='ocrx_word' id='word_1_225' title='bbox 1106 3590 1140 3643; x_wconf 76' lang='lat' dir='ltr'>se</span> 
     </span>
    </p>
   </div>
   <div class='ocr_carea' id='block_1_9' title="bbox 0 0 1350 3959">
    <p class='ocr_par' dir='ltr' id='par_1_9' title="bbox 0 0 1350 3959">
     <span class='ocr_line' id='line_1_31' title="bbox 0 0 1350 3959; baseline 0 0"><span class='ocrx_word' id='word_1_226' title='bbox 0 0 1350 3959; x_wconf 95' lang='lat' dir='ltr'> </span> 
     </span>
    </p>
   </div>
  </div>
 </body>
</html>
