2692 3959
558 269 799 318 ANECDOTES.

473 448 520 489 22.
560 435 622 490 The
640 434 761 490 Miser’s
782 435 881 491 Shoes.

223 548 332 616 Senex,
364 544 488 604 nemine
519 543 648 617 Abulus,
680 545 767 604 dives
796 546 853 605 sed
885 554 1004 618 avarus,
1035 555 1179 623 antiques

179 645 383 722 sordidisque
399 653 502 704 vestes
521 646 657 721 gerebat.
703 645 820 705 Omnes
843 654 925 706 cives
948 648 1180 724 cegnescebant

179 753 337 823 panneses
364 753 448 804 aviri
477 745 607 804 calcees.
654 738 736 804 (iiim
766 765 862 819 senex
890 747 1015 806 lavabat
1043 748 1180 807 membra

180 846 262 923 apud
277 844 417 922 publicas
432 845 578 904 thermas.
624 847 715 904 Ferte
731 845 776 904 vir
791 845 914 905 iocesus
929 847 1031 905 locum
1050 848 1180 907 intrave-

179 954 234 1004 rat.
279 944 344 1004 Ubi
359 944 444 1004 videt
455 953 639 1004 vestimenta
649 944 752 1018 Abuli‚
764 945 831 1004 sine
844 955 930 1005 more
945 956 1042 1005 mutat
1057 948 1179 1007 calcees

179 1044 263 1105 senis
279 1053 363 1104 avari
378 1063 448 1103 cum
465 1053 626 1121 purpureis
646 1045 740 1104 soleis
760 1046 906 1106 censulis.
953 1046 1048 1125 (Nam
1071 1047 1180 1106 censui

179 1145 293 1205 ibidem
309 1146 388 1204 ferte
404 1152 438 1203 se
453 1145 601 1225 lavabat.)
648 1146 723 1204 Mox
739 1147 860 1205 Abulus
880 1165 919 1205 ex
940 1155 1021 1223 aque
1042 1147 1179 1225 emergit.

180 1244 312 1305 Nescius
333 1244 460 1317 fraudis
485 1244 533 1303 dis
556 1243 620 1321 agit
640 1245 756 1321 gratias
782 1254 838 1322 pre
863 1253 951 1305 tante
976 1247 1132 1319 miraculi),
1150 1256 1181 1305 et

180 1364 250 1404 cum
275 1353 437 1421 purpureis
467 1344 560 1403 soleis
590 1343 730 1404 discedit.
789 1348 832 1405 At
860 1346 914 1404 ubi
946 1347 1054 1406 censul
1086 1346 1181 1406 sentit

179 1440 294 1499 furtum
324 1448 355 1497 et
383 1438 543 1515 cegnescit
572 1438 695 1499 calcetis
718 1441 819 1512 Abuli‚
846 1441 897 1499 vix
926 1440 1065 1501 continet
1094 1450 1178 1501 iram.

181 1532 324 1609 Denique
340 1531 455 1591 invitus
470 1531 580 1592 foedes
596 1532 718 1593 calcees
734 1533 842 1593 induit.

246 1637 348 1700 vestes,
364 1648 402 1697 17,
417 1648 438 1683 1.
773 1637 948 1702 vestimenta,
961 1637 994 1685 cf.
1006 1642 1089 1686 vestis.

247 1717 368 1784 gerebat,
385 1732 422 1783 19,
436 1732 459 1767 2.
773 1720 857 1785 senis,
872 1734 910 1778 20,
923 1735 947 1783 7.

246 1806 360 1871 iocesus,
376 1819 413 1869 19,
428 1817 449 1870 5.
772 1803 1008 1869 dis...g1aties,
1024 1818 1061 1869 13,
1077 1818 1113 1853 12.

209 1952 210 1955 Ἴ
247 1889 305 1955 ubi,
322 1903 359 1946 12,
375 1903 396 1953 3.
772 1886 868 1952 sentit,
884 1900 921 1945 12,
937 1901 974 1936 10.

379 2067 427 2127 23.
467 2053 528 2109 The
547 2053 667 2108 Miser’s
688 2051 988 2107 Simas-continued.

224 2163 376 2225 Postridie
388 2164 511 2223 licteres
524 2163 650 2222 trahunt
662 2161 798 2220 Abuium
810 2161 893 2237 apud
905 2162 1072 2234 censulem
1087 2171 1179 2239 atque

178 2265 338 2324 'hominem
366 2265 439 2323 furti
468 2271 625 2322 accusant.
683 2254 798 2320 infelix
827 2261 947 2321 Abulus
977 2262 1080 2320 multis
1109 2281 1179 2321 cum

181 2364 314 2424 lacrimis
329 2364 450 2422 veniam
466 2361 670 2440 imprudentis
691 2362 765 2420 iacti
787 2368 862 2433 erat,
880 2369 911 2420 at
932 2361 1053 2421 frustra.
1099 2364 1179 2420 Nam

181 2465 290 2525 censul
316 2473 426 2541 aspere
451 2471 536 2536 vece,
555 2461 721 2539 “Deliga,'’
738 2461 845 2538 inquit,
867 2461 988 2534 “lictor,
1012 2462 1051 2519 ad
1076 2462 1178 2538 palum

181 2563 295 2622 malum
317 2563 432 2634 furem
462 2562 591 2621 verbere
613 2570 732 2636 tergum
755 2568 855 2618 saevis
873 2559 996 2637 virgis”
1042 2561 1180 2618 Licteres

181 2663 266 2722 haud
288 2662 375 2721 inviti
398 2671 523 2721 sumunt
545 2679 685 2738 poenam,
703 2660 887 2737 calceesque
909 2659 1011 2719 Abule
1037 2660 1179 2718 reddunt.

183 2763 303 2823 Abulus
328 2762 379 2821 vix
405 2761 498 2820 trahit
520 2761 664 2820 miserum
692 2779 802 2837 corpus
827 2760 867 2819 ad
892 2758 1006 2818 flumen
1023 2762 1181 2843 (magnum

182 2863 296 2921 fiumen
312 2869 374 2922 nen
390 2862 496 2939 procul
519 2863 650 2942 aberat).
695 2862 776 2918 Tum
798 2860 957 2931 exclamat,
976 2862 1181 2936 “Numquam

183 2962 301 3034 iterum,
318 2962 457 3021 infelices
473 2962 577 3035 calcei,
595 2960 753 3021 dominum
768 2959 936 3037 perdetis.”
982 2960 1059 3019 Inde
1082 2978 1181 3037 aquae

183 3062 305 3122 calcees
321 3061 493 3121 committit.

249 3163 374 3226 trahunt,
390 3176 428 3219 12,
441 3161 465 3210 6.
776 3160 869 3225 inviti,
884 3174 922 3218 20,
938 3173 975 3209 10.

250 3244 328 3310 furti,
342 3259 365 3306 4,
379 3260 402 3307 4.
775 3244 898 3308 sumunt,
912 3256 952 3300 21,
965 3257 988 3306 9.

249 3328 368 3393 veniam,
384 3341 421 3393 15,
438 3341 458 3393 5.
775 3328 877 3392 procul,
890 3328 968 3390 longe.

250 3412 332 3477 haud,
346 3417 405 3460 nin.
776 3423 934 3475 numquam,
948 3409 981 3459 cf.
995 3424 1033 3468 21,
1050 3424 1087 3459 11.

250 3508 357 3561 aspera,
372 3510 432 3558 opp.
446 3496 522 3543 mitis.
775 3494 847 3559 inde,
860 3500 923 3541 tum.
