2692 3959
561 292 801 340 ANECDOTES.

401 539 449 596 90·
489 525 603 596 caught
621 525 662 598 by
680 526 731 580 the
749 524 886 581 Robbers.

226 689 322 749 Balbo
338 697 404 748 erat
420 689 516 747 irater
538 686 662 746 nomine
686 685 790 757 Caius,
807 685 853 744 vir
874 685 961 745 dives
984 685 1039 744 sed
1062 694 1178 746 avarus.

183 792 247 849 Hic
269 790 451 849 desertina
475 786 562 846 Balbi
577 806 632 864 per
654 793 780 845 uxorem
803 785 913 845 certior
933 786 1035 844 iactus
1056 786 1181 844 fratrem

182 909 305 949 carmen
336 888 420 961 illud,
445 894 507 965 qui)
537 896 657 946 antrum
688 894 798 962 aperiri
827 894 955 962 poterat,
986 885 1060 945 diris
1089 886 1181 946 minis

182 991 338 1067 divolgare
361 989 470 1067 coegit.
519 990 629 1065 Itaque
655 1005 726 1046 eum
755 985 853 1045 tribus
882 985 977 1045 asinis
1007 985 1047 1044 ad
1075 996 1181 1064 rupem

181 1092 338 1169 profectus
354 1091 517 1166 verbisque
535 1088 662 1167 magieis
682 1068 755 1146 usus
777 1094 898 1145 antrum
921 1087 1044 1147 intravit
1067 1089 1181 1149 asinos·

183 1211 243 1269 que
259 1199 333 1252 auro
348 1191 495 1251 oneravit.

226 1294 302 1351 Mox
317 1303 419 1352 autem
442 1291 494 1351 ubi
517 1291 616 1350 redire
631 1290 736 1364 voluit,
755 1290 898 1350 carminis
920 1291 1043 1361 oblitus
1062 1292 1182 1367 “Aperi

183 1395 244 1466 te‚”
261 1392 368 1471 inquit,
389 1392 616 1464 “hordeum;’'
640 1401 690 1451 cui
713 1400 781 1452 voci
804 1392 876 1469 quia
897 1392 979 1451 fores
1001 1397 1107 1467 parere
1130 1398 1182 1450 no

183 1495 313 1567 luerunt,
337 1513 395 1553 nec
419 1493 562 1552 carminis
587 1493 685 1571 ipsius
711 1493 889 1554 meminisse
914 1501 1035 1571 poterat
1063 1491 1181 1570 (tantae

183 1593 265 1653 enim
281 1593 406 1653 divitiae
424 1594 574 1654 rationem
590 1594 685 1653 animi
707 1595 953 1674 perturbabant),
970 1603 989 1654 ai
1011 1594 1181 1653 latronibus

182 1696 269 1753 brevi
289 1704 397 1773 eaptus
420 1706 477 1754 est.
523 1696 568 1753 Hi
589 1705 755 1773 postquam
770 1695 867 1754 virum
890 1695 1001 1772 gladiis
1024 1695 1182 1754 interiece-

183 1805 262 1867 runt,
280 1814 391 1872 eorpus
407 1795 474 1855 eius
489 1794 521 1853 in
537 1804 681 1873 quattuor
695 1803 799 1873 partes
815 1795 946 1854 divisum
962 1795 1041 1855 intra
1062 1804 1181 1852 antrum

184 1895 420 1972 suspenderunt.
468 1897 597 1954 Postero
612 1905 716 1955 autem
731 1895 782 1954 die
798 1895 921 1967 Balbus,
939 1904 1070 1972 quirem
1086 1894 1182 1971 suspi-

183 2005 272 2055 catus
287 1997 388 2055 locum
404 1995 471 2073 ipse
494 1996 620 2066 adierat,
635 2004 727 2056 noctu
749 1996 886 2054 membra
908 1996 1011 2055 fratris
1033 2014 1070 2054 ex
1093 2002 1182 2054 antro

183 2095 303 2172 eripuit.

250 2229 327 2294 diris,
340 2230 502 2278 terribilibus.
776 2230 888 2294 oblitus,
901 2229 970 2277 from
982 2228 1119 2277 obliviscor.

251 2312 383 2378 minis‚ci.
391 2315 516 2371 minatur,
524 2312 565 2371 88,
573 2312 607 2362 ad
614 2312 658 2361 fin.
776 2314 862 2377 brevi,
875 2327 915 2373 44,
928 2327 950 2375 9.

251 2397 350 2463 coegit,
362 2396 431 2446 from
444 2402 507 2461 cogo.
776 2395 891 2461 adierat,
903 2394 972 2444 from
983 2396 1051 2444 adeo.

394 2662 442 2719 91.
483 2649 554 2705 Two
573 2663 625 2705 can
645 2649 723 2721 Play
741 2654 774 2704 at
791 2650 859 2704 that
877 2648 974 2704 Game.

228 2788 369 2870 Hoc'ubi
383 2810 529 2888 cognovit
545 2810 607 2869 dux
626 2810 788 2881 latronum,
806 2815 930 2868 suorum
950 2807 1182 2867 callidissimum

185 2919 229 2969 rei
244 2911 451 2989 exquirendae
468 2919 561 2970 causa
577 2911 617 2970 ad
632 2911 739 2970 urbem
754 2909 845 2968 misit.
891 2909 953 2983 Qui
969 2908 1093 2986 quidem
1110 2908 1182 2967 dum

184 3011 291 3070 urbem
307 3020 451 3088 pererrat,
469 3012 549 3072 forte
565 3010 697 3070 occurrit
713 3017 823 3070 sartori
838 3009 968 3082 cuidam,
981 3018 1033 3086 qui
1050 3018 1069 3069 a
1086 3010 1183 3069 Balbo

184 3112 286 3171 iussus
301 3111 404 3171 fratris
422 3113 559 3172 membra
574 3111 704 3170 disiecta
719 3120 776 3169 acu
791 3110 931 3169 iunxerat
948 3109 1072 3188 (corpus
1091 3109 1182 3181 enim,

137 3246 139 3250 ν
184 3213 217 3271 in
232 3221 377 3290 quattuor
393 3220 495 3290 partes
511 3213 652 3284 divisum,
666 3210 789 3286 sepeliri
804 3210 887 3287 leges
899 3210 1070 3290 vetabant).
1111 3211 1182 3282 Hie,

183 3314 230 3375 vir
245 3316 367 3393 loquax,
385 3323 403 3373 a
419 3314 537 3372 latrone
558 3311 668 3370 callide
690 3311 903 3387 interrogatus,
921 3317 983 3369 nim
1005 3309 1098 3368 modo
1120 3328 1184 3369 rem

187 3435 309 3477 omnem
339 3422 500 3493 quaerenti
529 3411 707 3489 divolgavit,
738 3410 793 3469 sed
822 3411 945 3470 domum
973 3409 1065 3470 etiam
1096 3410 1184 3467 Balbi

187 3516 331 3577 ostendit.
378 3514 456 3577 Inde
471 3513 558 3586 latro,
574 3523 740 3593 postquam
755 3510 837 3574 iores
857 3517 940 3574 creta
960 3518 1127 3582 notaverat,
1145 3509 1185 3570 ad
