2692 3959
597 296 643 354 'UL
651 307 764 356 YSSES.
1132 310 1178 362 115

183 482 254 531 runt
268 481 299 531 et
314 480 347 531 se
363 472 405 532 ibi
421 473 520 533 celere
536 475 736 534 conabantur.
783 477 989 555 Polyphemus
1005 486 1116 550 autem,
1136 479 1180 543 ita

183 572 265 630 euim
279 572 367 649 giges
384 574 556 649 appellatus
572 584 627 647 est,
645 594 758 651 pecora
779 595 835 634 sua
850 576 881 634 in
902 578 1082 653 speluncam
1097 578 1176 656 egit3

181 681 246 731 tum
273 691 343 731 cum
372 680 446 732 sare
475 673 592 750 ingenti
620 684 741 751 portam
770 676 983 749 obstruxisset,
1014 687 1117 755 ignem
1146 679 1177 737 in

182 772 285 832 medie
300 780 388 833 autre
404 774 555 832 accendit.
601 776 674 834 Hec
689 777 781 848 facte,
796 777 886 835 oculo
899 777 1002 835 omnia
1017 779 1177 854 perlustre-

181 874 235 933 bat
259 883 290 933 et
315 892 384 931 curn
411 873 560 933 sensisset
588 875 729 935 homines
755 876 786 934 in
817 876 961 936 interiere
986 887 1072 953 parte
1098 888 1177 937 antri

182 974 282 1046 celeri,
307 982 417 1050 magne
440 981 516 1032 vece
547 975 739 1034 exclamavit.
795 977 882 1050 “Qui
911 977 985 1036 estis
1014 978 1176 1037 homines?

183 1074 373 1132 Merceteres
400 1092 440 1131 an
466 1074 651 1134 latrenes?'’
707 1076 787 1133 Turn
818 1076 926 1135 Ulixes
955 1078 1114 1153 respondit
1144 1085 1177 1136 se

182 1194 282 1251 neque
304 1181 490 1234 mercatores
513 1194 581 1233 esse
604 1194 706 1252 neque
729 1177 899 1252 praedandi
921 1186 1014 1236 cause
1034 1178 1175 1237 venisse:

182 1276 238 1335 sed
260 1282 277 1335 e
294 1274 387 1333 Troii
410 1275 576 1334 redeuntes
601 1285 630 1334 vi
652 1285 871 1353 tempestatum
886 1286 905 1336 a
921 1285 1005 1336 recte
1020 1287 1112 1336 cursu
1127 1278 1178 1336 de-

181 1376 288 1451 pulses
299 1395 386 1436 esse:
410 1376 509 1436 erevit
525 1376 617 1436 etiam
633 1386 666 1435 ut
683 1376 741 1436 sibi
757 1376 823 1436 sine
839 1377 949 1436 iniuriis
961 1379 1045 1437 abire
1060 1377 1175 1437 liceret.

181 1477 262 1535 Tum
289 1478 495 1555 Polyphemus
522 1477 676 1553 quaesivit
705 1477 758 1536 ubi
787 1487 871 1536 esset
899 1477 987 1536 nevis
1011 1487 1072 1554 que
1097 1486 1177 1538 vecti

181 1585 287 1635 essent
302 1600 308 1649 3
332 1577 440 1635 Ulixes
457 1586 568 1649 autem,
585 1596 654 1636 cum
670 1578 750 1637 bene
765 1578 956 1654 intellegeret
971 1578 1030 1636 sibi
1046 1578 1177 1637 maxime

181 1677 428 1752 praecavendum
458 1696 535 1748 esse,
562 1677 722 1754 respondit
760 1686 870 1736 nivem
904 1697 991 1736 suam
1025 1678 1057 1735 in
1085 1684 1176 1753 rupes

181 1777 351 1837 ceniectam
364 1787 396 1836 et
407 1785 532 1836 omnino
544 1778 729 1853 perfractam
741 1796 818 1837 esse.
858 1777 1062 1856 Polyphemus
1074 1786 1176 1836 autem

181 1877 266 1936 nullo
281 1878 354 1937 date
376 1884 525 1954 respense
541 1878 603 1936 duo
618 1885 635 1936 e
651 1877 744 1937 sociis
767 1887 860 1937 manu
875 1877 1021 1954 corripuit
1041 1887 1071 1937 et
1086 1895 1177 1937 mem-

180 1978 245 2036 bris
260 1983 366 2037 eerum
381 1978 508 2037 divolsis
524 1996 647 2037 carnem
663 1979 812 2037 devorere
827 1978 939 2054 coepit.

464 2241 528 2299 143.
568 2226 612 2282 llo
630 2226 711 2300 Way
729 2226 759 2281 of
778 2226 897 2296 Escape.

223 2390 306 2446 Dum
327 2389 405 2447 haec
426 2396 581 2465 geruntur,
598 2388 788 2446 Graecerum
811 2386 931 2446 animes
953 2396 1058 2446 tantus
1079 2396 1177 2446 terror

181 2489 353 2566 occupevit,
370 2476 404 2547 ut
426 2495 465 2547 ne
480 2495 588 2548 recem
604 2486 729 2563 quidem
751 2487 842 2547 edere
864 2496 992 2563 possent
1014 2487 1069 2545 sed
1092 2496 1176 2545 omni

181 2596 237 2665 spe
262 2589 369 2648 salutis
398 2587 539 2665 depositi
568 2597 697 2646 mortem
726 2596 920 2662 praesentem
949 2595 1173 2664 exspectarent.

181 2692 223 2748 At
247 2689 460 2767 Polyphemus,
477 2697 640 2764 postquam
664 2687 763 2745 fames
781 2687 840 2746 haic
862 2695 924 2744 tam
942 2685 1080 2744 horribili
1098 2693 1175 2745 cena

181 2789 310 2866 depulsa
325 2798 380 2861 est,
398 2790 482 2847 humi
496 2795 668 2865 prostratus
685 2794 794 2846 somne
809 2794 843 2846 se
858 2786 953 2845 dedit.
998 2787 1089 2861 Quod
1105 2805 1174 2844 cum

180 2889 310 2948 vidisset
333 2888 450 2961 Ulixes,
477 2897 596 2948 tantam
623 2886 821 2946 occesienem
844 2895 889 2945 rei
916 2888 997 2945 bene
1020 2886 1174 2963 gerendae

181 2996 243 3048 nen
259 2989 460 3049 omittendam
482 2988 655 3060 arbitratus,
673 2986 705 3045 in
721 2994 758 3047 eo
774 2996 839 3046 erat
860 2996 893 3045 ut
916 2996 1024 3063 pectus
1047 2993 1175 3045 monstri

179 3088 283 3165 gladie
305 3090 509 3166 transfigeret.
555 3090 634 3148 Cum
657 3097 762 3146 tamen
784 3086 860 3145 nihil
882 3093 997 3146 temere
1021 3087 1174 3163 agendum

180 3188 378 3260 existimaret,
402 3188 563 3248 constituit
585 3188 753 3264 explorare,
777 3197 943 3264 antequam
965 3188 1026 3247 hec
1047 3187 1172 3257 faceret,

180 3288 381 3364 quitatione
403 3308 441 3346 ex
463 3296 551 3348 antro
575 3288 705 3347 evidere
728 3297 865 3364 possent.
910 3290 953 3346 At
975 3306 1045 3346 cum
1068 3304 1174 3344 saxum

180 3388 456 3460 animadvertisset,
473 3396 535 3464 que
559 3388 703 3447 introitus
727 3389 902 3448 obstructus
924 3396 998 3459 erat,
1015 3386 1091 3444 nihil
1115 3385 1174 3445 sibi

179 3490 370 3566 profuturum
418 3488 575 3560 intellexit,
621 3496 647 3547 si
692 3489 914 3567 Polyphemum
957 3485 1173 3546 interfecisset.

178 3591 280 3655 Tanta
303 3590 385 3652 enixu
411 3599 476 3652 erat
501 3590 567 3655 eius
593 3599 659 3653 saxi
686 3589 875 3670 magnitude,
899 3597 933 3646 ut
959 3595 997 3647 ne
1020 3596 1039 3648 ῑι
1065 3587 1174 3647 decem
