2692 3959
529 278 769 327 ANECDOTES.
1119 275 1152 326 59

151 445 324 504 institutum
346 454 402 505 est.
455 440 518 504 Diu
541 445 661 517 Loxias‚
687 455 739 521 qui
764 464 835 504 cum
859 451 968 504 ceteris
994 446 1150 504 decertare

151 545 257 619 noluit,
282 552 315 604 se
341 554 360 604 a
386 545 552 605 certamine
577 545 734 617 abstinuit,
761 564 818 603 nec
843 563 946 604 arcum
973 544 1011 603 ab
1038 553 1150 603 umeris

151 645 275 723 amovit.
321 644 464 722 Denique
481 646 605 722 quidam
621 665 659 705 ex
674 645 766 722 regiis
781 644 955 722 sagittariis,
973 653 1023 703 cui
1038 652 1151 704 nomen

151 754 216 804 erat
241 745 411 818 HubertuS,
437 754 501 805 sive
527 755 608 819 casir,
636 764 691 805 seu
718 745 801 822 quod
826 754 937 803 ventus
963 754 991 802 ei
1016 744 1149 818 lavabat,

152 844 284 904 mediam
307 853 419 904 metam
442 846 553 923 sagitta
575 845 739 905 transfixit.
784 846 864 903 Tum
891 845 1014 904 demum
1039 845 1151 905 Loxias

153 964 256 1004 arcum
271 946 371 1006 tendit
385 956 416 1005 et
431 953 488 1005 suo
503 946 565 1005 telo
581 945 724 1022 sagittam
745 944 879 1004 Huberti
899 945 932 1002 in
952 945 1029 1003 duas
1047 951 1151 1021 partes

151 1046 249 1106 findit.
287 1049 403 1125 Ingens
416 1046 455 1105 ad
465 1047 584 1106 caelum
594 1046 709 1106 tollitur
720 1046 835 1105 clamor
850 1052 1019 1122 omnesque
1032 1044 1150 1104 Loxian

151 1154 299 1206 victorem
315 1147 457 1206 salutant.

218 1263 343 1329 degebat,
355 1264 448 1327 agebat,
461 1262 500 1326 56,
516 1277 537 1323 r,
551 1277 573 1311 2.
710 1263 821 1328 piguis,
837 1262 906 1312 from
919 1268 1034 1326 pagnus.

219 1346 386 1412 sagittariis,
400 1347 432 1396 cf.
444 1349 543 1411 sagitta.
710 1348 860 1412 certabant,
867 1347 1034 1403 decertabant,
1044 1345 1082 1411 58,
1094 1360 1116 1394 2.

218 1430 543 1497 propinquaefinitimae,
552 1442 592 1496 45,
602 1443 625 1479 2.
710 1444 812 1496 arcum,
826 1443 866 1491 47,
880 1444 902 1478 2.

382 1611 430 1667 66.
469 1612 531 1667 The
549 1612 773 1668 weather-wise
792 1612 924 1686 Donkey.

194 1739 379 1813 Ludovicus,
401 1746 454 1798 rex
475 1738 643 1812 Gallorum,
665 1739 758 1800 fidem
781 1739 943 1799 maximam
966 1739 1102 1798 habebat
1122 1747 1151 1798 ei

150 1848 256 1917 generi
271 1840 438 1912 hominum,
452 1848 505 1915 qui
520 1839 666 1916 astrologi
681 1850 840 1912 vocantur,
855 1839 938 1916 quod
954 1846 1039 1898 motii
1051 1838 1151 1898 stella-

150 1958 218 1998 rum
229 1940 343 1999 imbres
351 1947 522 2017 ventosque
534 1940 711 2017 praedicere
723 1942 832 2000 solent.
871 1941 946 2012 Rex,
958 1948 1010 2016 qui
1022 1939 1151 1998 multum

151 2140 281 2199 canibus
303 2159 358 2217 per
380 2139 472 2199 silvas
495 2140 599 2218 agitat,
621 2142 713 2200 celeri
735 2148 816 2217 equo
839 2140 929 2217 longe
952 2149 1024 2199 ante
1044 2146 1151 2198 omnes

151 2240 254 2300 socios
268 2247 496 2316 praetervectus
511 2250 566 2300 est.
613 2243 736 2300 Interea
751 2240 870 2300 caelum
890 2240 1025 2299 nubibus
1044 2240 1152 2299 obscu-

151 2349 235 2399 ratur
259 2340 422 2417 gravisque
451 2341 549 2400 imber
575 2360 644 2399 cum
674 2341 770 2400 multa
799 2340 949 2418 grandine
977 2340 1010 2399 in
1039 2349 1150 2399 terram

151 2440 274 2499 decidit.
326 2443 394 2499 Rex
416 2440 514 2517 igitur,
540 2441 623 2517 quod
644 2459 770 2517 parvam
794 2460 898 2499 casam
924 2441 1004 2499 inter
1025 2440 1150 2499 arbores

150 2540 244 2612 videt,
261 2540 454 2617 tempestatis
470 2541 644 2618 perfugium
665 2541 750 2617 petit.
795 2542 875 2599 Tum
898 2540 951 2600 ubi
974 2541 999 2599 is
1019 2540 1151 2617 graviter

151 2640 313 2700 incusabat
335 2640 477 2719 indoctos
499 2641 568 2701 illos
595 2642 775 2718 astrologos,
805 2641 926 2700 “Nulla
951 2650 1055 2699 tamen
1077 2650 1151 2698 tem-

151 2742 285 2818 pestaS,”
298 2740 458 2818 respondit
473 2741 607 2818 agricola
620 2741 708 2800 cuius
724 2760 796 2800 casa
811 2751 884 2812 erat,
903 2748 920 2774 “
930 2747 978 2799 me
994 2740 1151 2799 incautum

151 2841 282 2918 excipit3
314 2860 435 2919 semper
456 2840 539 2901 enim
561 2860 648 2900 meus
672 2841 785 2913 asinus,
810 2850 863 2918 qui
884 2842 987 2917 fruges
1010 2841 1089 2899 horti
1112 2840 1152 2898 od

149 2943 251 3001 forum
266 2951 387 3019 portare
407 2942 494 3015 solet,
511 2948 587 3003 voce
607 2950 700 3001 rauca
722 2941 947 3001 imbremmihi
970 2940 1150 3018 praedicit.'’

153 3043 360 3114 “Nimirum’'
377 3060 446 3101 cum
462 3051 525 3101 risu
539 3042 700 3119 respondit
718 3048 779 3114 rex,
799 3042 853 3100 “si
873 3051 944 3100 tuus
966 3041 1070 3100 asinus
1088 3049 1153 3129 tam

150 3142 252 3203 bonus
268 3142 439 3220 astrologus
454 3152 510 3216 est,
528 3149 613 3202 meos
629 3140 800 3220 astrologos
821 3142 952 3219 posthac
972 3141 1004 3199 in
1024 3148 1152 3200 numero

152 3242 308 3304 asinorum
322 3243 476 3302 habebo.’'

217 3360 417 3425 venitibnibus,
431 3360 463 3409 cf.
480 3374 516 3418 11,
529 3374 552 3422 4.
743 3360 876 3425 indoctos,
890 3365 1000 3423 ignaras,
1017 3373 1053 3415 11,
1068 3372 1090 3405 2.

217 3444 319 3510 agitat,
333 3444 364 3510 65
388 3457 410 3509 5.
744 3446 834 3509 rauca,
851 3457 888 3500 12,
901 3442 924 3491 8.

164 3565 168 3572 -
217 3527 370 3594 incitabat,
383 3528 535 3591 increpabat,
551 3526 588 3585 16,
601 3540 625 3591 9.
743 3528 810 3592 risit,
826 3539 864 3591 57,
877 3525 910 3574 ad
923 3525 966 3573 fin.
