2692 3959
564 310 804 359 ANECDOTES.

408 541 456 613 67.
495 542 568 597 How
587 548 618 598 to
636 543 735 612 please
754 541 945 615 Everybodyt

223 686 323 744 Senex
335 684 468 761 quidam,
481 694 533 761 qui
549 685 669 744 asinum
681 685 814 745 vendere
827 685 930 758 voluit,
944 703 1014 744 cum
1028 683 1179 745 siliceum

180 785 220 843 ad
235 785 341 844 urbem
357 785 497 844 ducebat.
544 787 619 844 Mox
633 794 797 845 occurrunt
813 785 906 845 chors>
921 784 1081 862 virginum,
1098 803 1180 861 quae

179 885 263 944 ddna
277 885 316 944 ad
331 885 478 961 templum
494 885 654 945 Minervae
669 886 842 963 portabant.
888 892 906 919 ‘⁶
917 884 1062 958 Hercle‚''
1078 883 1181 961 inquit

179 1004 218 1044 ex
232 985 280 1044 his
297 985 429 1044 maxima
451 994 534 1058 natu,
553 985 727 1063 “numquid
749 995 850 1063 potest
872 1005 941 1045 esse
964 984 1085 1045 stultius
1107 984 1177 1056 illis,

180 1094 233 1161 qui
248 1084 380 1162 pedibus
397 1085 455 1144 iter
471 1085 598 1159 iaciunt,
615 1105 674 1146 nec
695 1086 783 1146 asini)
797 1086 993 1146 vehuntur?''
1038 1086 1110 1144 Hire
1125 1084 1179 1144 ubi

180 1185 298 1245 audivit
320 1205 423 1259 senex,
446 1186 544 1245 filiurn
568 1187 688 1246 asinum
714 1186 924 1246 cdnscendere
950 1185 1038 1245 iussit
1059 1194 1090 1244 et
1111 1184 1179 1261 ipse

181 1287 274 1345 alacri
287 1296 396 1364 gressu
410 1287 467 1347 iter
481 1288 637 1365 pergebat
684 1289 755 1347 Ndn
771 1287 876 1365 procul
892 1287 931 1345 ab
947 1294 985 1347 ed
1000 1286 1068 1346 locs>
1083 1285 1180 1361 aliqui

181 1393 272 1446 senes
287 1394 462 1447 sermenem
480 1386 559 1447 inter
578 1394 612 1446 se
634 1388 787 1447 serebant.
831 1388 911 1445 Tum
927 1396 1016 1460 unuS,
1034 1373 1178 1458 “Eheu''

181 1486 288 1563 inquit,
306 1494 482 1564 “quantum
498 1497 636 1565 tempora
657 1492 833 1547 mutantur!
878 1486 943 1546 Ubi
958 1505 1040 1546 nunc
1060 1496 1108 1546 est
1126 1486 1179 1545 ille

181 1587 348 1647 senectutis
373 1587 514 1665 proprius
539 1588 658 1647 honor?
688 1588 777 1647 desili
802 1607 839 1648 ex
861 1588 959 1660 asini),
982 1606 1059 1664 puer
1083 1587 1180 1664 impu-

181 1687 267 1760 dens,
281 1698 311 1748 et
325 1696 405 1765 patri
420 1689 526 1748 cede.'’
573 1688 650 1748 Inde
665 1688 794 1761 iuvenis,
808 1707 899 1765 quem
915 1687 1014 1765 pudor
1027 1688 1103 1746 facti
1118 1687 1180 1745 iarn

181 1797 292 1861 movet,
306 1788 444 1848 celeriter
459 1788 491 1847 id
506 1788 590 1865 quod
605 1788 664 1847 sibi
680 1789 862 1865 imperatum
874 1797 922 1847 est
936 1788 1010 1848 facit
1022 1806 1179 1864 senexque

181 1887 312 1947 invicem
329 1888 449 1947 asinum
464 1889 653 1949 conscendit.

214 2023 363 2087 occurrunt,
379 2035 416 2080 11,
429 2022 452 2071 6.
873 2024 967 2088 alacri,
979 2024 1058 2071 celeri.

215 2105 335 2156 mixima
347 2106 424 2170 nitu,
434 2105 467 2155 ef.
480 2107 618 2156 minimum
632 2112 706 2164 ndtai,
719 2106 759 2165 61,
775 2121 812 2155 11.
872 2108 1013 2172 pergebat,
1027 2119 1066 2168 27,
1079 2119 1102 2166 4.

214 2189 360 2254 vehuntur,
373 2188 601 2251 &praetervectus
611 2197 653 2247 est,
665 2190 706 2247 66,
719 2190 742 2238 6.
872 2189 961 2255 desili,
976 2202 1015 2254 59,
1026 2188 1050 2238 8.

306 2388 354 2447 68.
393 2392 466 2448 How
484 2398 515 2448 to
533 2394 630 2462 please
649 2391 1055 2465 Everybodyi-continued.

225 2535 250 2592 F
251 2541 316 2594 drte
323 2534 373 2593 via
382 2535 550 2594 secundum
561 2535 675 2594 flumen
685 2535 827 2606 ducebat,
839 2534 871 2593 in
881 2542 943 2611 qud
955 2535 1033 2595 duae
1044 2533 1180 2594 feminae

182 2641 284 2694 vestes
299 2635 450 2694 lavabant.
491 2636 560 2693 Hae
576 2634 629 2693 ubi
640 2634 774 2694 viateres
786 2634 901 2707 vident,
912 2643 972 2693 una
984 2641 1060 2694 vdce
1075 2635 1181 2694 crude·

183 2734 300 2795 litatem
311 2734 407 2812 patris
419 2735 525 2812 filique
538 2736 647 2795 durum
658 2735 794 2795 laberem
805 2735 934 2812 pldrant.
967 2736 1067 2795 Senex
1078 2734 1179 2812 igitur,

184 2844 236 2911 qui
258 2835 400 2895 omnibus
423 2837 543 2912 placere
565 2836 637 2907 vult,
654 2825 784 2912 puerum
807 2845 878 2913 post
899 2842 933 2894 se
955 2835 1063 2895 sedere
1085 2834 1179 2895 iubet.

184 2936 251 2994 Nec
273 2945 377 2995 tamen
399 2955 436 2993 ea
457 2943 506 2994 res
528 2943 673 3013 prtispere
696 2936 808 3009 evenit,
825 2936 909 3012 quod
931 2935 1009 2994 alius
1023 2935 1120 2994 viator
1142 2935 1181 2993 iis

183 3035 324 3094 occurrit.
370 3036 425 3093 “O
441 3035 665 3112 impudentiam
681 3036 848 3095 nefandam
859 3037 892 3095 !’'
908 3036 1017 3112 inquit,
1036 3034 1182 3094 “facilius

183 3134 313 3211 potestis
332 3134 452 3193 asinum
474 3135 533 3212 ipsi
547 3136 667 3208 vehere,
686 3155 778 3213 quarn
793 3144 849 3196 vds
872 3136 1016 3196 miserum
1036 3135 1180 3194 animal.’'

183 3237 263 3294 Turn
280 3254 382 3308 senex,
400 3244 452 3312 qui
467 3242 506 3294 ne
521 3236 552 3294 id
569 3236 693 3312 quidem
709 3236 846 3313 ineptum
863 3238 999 3314 putabat,
1016 3246 1181 3313 postquam

179 3344 271 3395 'crura
289 3334 367 3393 asini
388 3335 513 3394 funibus
537 3336 575 3393 ad
597 3344 741 3412 magnum
764 3347 888 3396 contum
903 3337 1049 3406 vinxerat,
1067 3355 1182 3395 novum

183 3454 261 3494 onus
284 3453 354 3493 cum
376 3435 509 3494 maximi>
532 3435 636 3494 labrire
662 3435 694 3492 in
721 3443 794 3495 sucis
822 3437 931 3513 filique
961 3443 1083 3496 umerds
1112 3436 1183 3495 sub

184 3534 304 3594 levavit.
356 3534 542 3609 Atasinus,
569 3543 618 3592 cui
647 3534 724 3594 haec
753 3535 878 3595 minime
907 3537 1079 3613 placebant,
1107 3536 1203 3595 dum·
