2692 3959
552 310 790 362 ANECDOTES.

475 515 598 598 Fruor,
617 516 767 600 Fungor,
786 515 864 582 Etc.

218 672 293 735 The
314 672 412 736 verbs
437 682 519 748 ator,
536 675 649 755 fruor,
666 665 814 757 frangor,
825 673 945 757 potior,
971 694 1086 749 vescor,
1113 693 1170 736 are

172 781 257 844 used
270 780 351 843 with
363 781 423 844 the
438 781 582 844 ablative
599 801 676 845 case
693 782 825 845 instead
842 782 877 846 ol
893 782 951 845 the
968 781 1167 846 accusative.

219 956 294 1019 The
310 954 454 1020 ablative
470 956 600 1020 follows
616 956 687 1020 also

155 1161 159 1170 .
256 1114 308 1172 the
324 1114 492 1192 adjectives
507 1115 622 1189 dignus,
639 1115 765 1194 worthy,
782 1115 931 1190 indignus,
948 1115 1106 1194 unworthy
1120 1139 1127 1187 ;

257 1223 309 1283 the
325 1223 532 1283 substantives
546 1233 627 1300 opus,
644 1225 733 1297 need,
750 1224 812 1283 and
827 1234 908 1298 risus,
924 1243 988 1285 use.
1017 1212 1020 1218 ’

310 1624 567 1686 ANECDOTES
598 1623 686 1683 FOR
715 1624 1034 1686 TRANSLATION.

522 1798 569 1872 83.
610 1800 707 1857 Dumb
725 1799 822 1856 show.

218 1937 375 2008 Admetus,
393 1936 438 1996 vir
453 1956 570 2013 pauper
590 1938 645 1997 sed
668 1937 749 1997 idem
771 1944 836 2014 acri,
857 1936 1168 2016 ingeniopraeditus,

174 2037 258 2113 quod
273 2035 348 2095 nihil
363 2036 424 2096 cibi
439 2037 561 2096 duobus
576 2037 686 2096 diebus
703 2045 887 2113 gustaverat,
904 2037 986 2096 fame
1001 2037 1168 2113 deperibat.

174 2135 280 2196 Tertio
295 2145 396 2196 autem
412 2137 462 2196 die
478 2138 550 2196 dum
563 2138 656 2196 aedes
668 2137 848 2214 splendidas
864 2136 1016 2213 praeterit,
1030 2145 1049 2196 a
1063 2148 1170 2214 portae

173 2237 302 2296 custode
318 2236 434 2312 aliquid
449 2237 510 2295 cibi
526 2236 623 2313 petiit.
669 2239 732 2295 Hic
748 2246 852 2296 autem
867 2236 1000 2296 hominis
1016 2236 1170 2296 miseritus

173 2336 263 2395 iussit
276 2355 347 2394 eum
362 2336 487 2395 domum
509 2335 629 2414 ingredi
652 2345 744 2414 atque
767 2337 806 2396 ab
829 2336 897 2413 ipso
919 2336 1044 2396 domino
1067 2337 1168 2395 cibum

173 2445 286 2512 petere.
332 2437 483 2495 Admetus
498 2436 530 2494 id
545 2437 629 2513 quod
644 2435 827 2512 imperatum
841 2446 889 2495 est
907 2436 983 2495 lacit
1002 2436 1171 2496 dominum-

173 2556 233 2613 que
255 2536 287 2594 in
309 2535 387 2595 atrio
409 2537 570 2596 sedentem
593 2536 719 2595 invenit.
765 2536 827 2610 Qui
851 2536 904 2595 ubi
929 2554 993 2596 rem
1015 2537 1168 2617 cognovit,

175 2643 192 2669 ‘⁶
203 2635 324 2714 Agite,’'
340 2635 449 2713 inquit,
468 2643 485 2670 ‘⁴
497 2644 585 2708 servi,
603 2655 715 2713 aquam
731 2655 823 2712 quam
844 2636 999 2695 celerrime
1020 2637 1169 2695 adferte.'’

174 2735 295 2795 Deinde
310 2736 467 2813 paulisper
483 2745 627 2809 moratus,
645 2745 704 2794 etsi
723 2737 914 2812 apparebant
934 2754 992 2795 nec
1013 2745 1092 2795 servi
1113 2754 1170 2795 nec

173 2855 262 2912 aqua,
275 2845 384 2895 mamis
399 2835 532 2894 lavantis
546 2846 666 2914 gestum
683 2835 819 2895 imitatus
835 2845 890 2895 est.
936 2837 1095 2908 Admetus,
1112 2844 1170 2895 etsi

172 2943 204 2995 re
220 2936 295 2996 satis
311 2934 459 2994 attonitus
474 2946 530 3007 est,
546 2945 648 2994 tamen
673 2937 756 3011 quod
778 2935 876 2994 ndluit
899 2935 1055 2994 dominum
1077 2935 1171 2995 offen·

172 3036 253 3108 dere,
270 3034 352 3095 idem
372 3034 456 3095 iecit.
502 3034 623 3095 Deinde
639 3035 782 3095 dominus
799 3043 903 3095 servos
918 3045 1046 3112 primam
1062 3042 1170 3095 cenam

172 3143 328 3213 apponere
348 3134 437 3195 iussit
456 3143 488 3196 et
504 3144 661 3212 tamquam
677 3143 766 3195 veras
790 3137 886 3213 dapes
908 3145 939 3194 et
961 3136 1028 3212 ipse
1053 3135 1117 3195 edit
1140 3145 1171 3195 et

171 3235 286 3313 hospiti
301 3236 438 3313 praebet.

238 3367 322 3434 fame,
335 3368 374 3434 38,
387 3368 411 3418 6.
763 3370 912 3434 paulisper,
925 3370 996 3418 breve
1007 3376 1110 3431 tempus.

238 3451 353 3518 ingredi,
367 3454 475 3502 intrare.
763 3454 908 3517 appinere,
924 3465 962 3512 14,
974 3451 1008 3500 ad
1019 3450 1063 3500 fin.

237 3535 350 3602 itrium,
362 3535 403 3594 82,
415 3535 439 3585 8.
763 3535 858 3600 dapes,
870 3536 967 3597 epulas,
979 3549 1003 3598 9,
1015 3549 1036 3582 r.
