2692 3959
558 302 800 352 ANECDOTES.

536 513 584 574 32.
624 501 687 557 The
705 501 821 572 Gossip.

224 631 298 688 Erat
325 629 449 688 Timoni
479 648 554 688 uxor
582 628 713 706 garrula.
773 631 863 689 Haec
896 629 1061 705 aliquando
1095 630 1178 708 apud

180 728 327 788 feminam
353 737 485 787 vicinam
515 729 655 788 cenabat.
702 729 764 788 Diu
793 730 906 789 Timon
936 737 1062 790 uxorem
1091 750 1178 790 suam

180 829 294 888 fristra
323 821 563 905 exspectaverat.
614 828 754 888 Tandem
784 838 878 889 iratus
909 829 1030 890 aedium
1059 841 1176 908 portam

180 928 304 988 obserat
329 938 360 988 et
378 928 455 1005 petit
477 928 586 988 cubile.
634 930 709 988 Mox
731 939 833 989 tamen
857 948 932 989 uxor
947 929 1044 989 redux
1065 930 1177 989 ostium

181 1029 378 1088 vehementer
396 1029 506 1105 pulsat.
554 1031 680 1105 “Aperi
702 1028 841 1089 celeriter
863 1030 1011 1106 portam,''
1028 1029 1179 1090 exclamat

181 1128 240 1201 illa,
266 1136 283 1162 “
296 1135 399 1187 nonne
429 1129 532 1188 uxdris
561 1139 632 1188 tuae
661 1136 768 1188 vocem
798 1129 942 1189 audis?''
987 1129 1176 1204 “Minime’'

182 1228 341 1304 respondit
356 1247 394 1288 ex
409 1228 502 1287 cubili
518 1228 681 1301 dominus3
711 1234 772 1288 “tu
787 1236 849 1288 ndn
871 1247 941 1288 mea
962 1248 1038 1288 uxor
1059 1248 1093 1289 es
1119 1248 1177 1289 nec

181 1335 288 1388 vocem
317 1338 401 1388 tuam
430 1335 607 1406 cognoscin
652 1347 722 1389 mea
751 1328 831 1388 enim
861 1348 937 1389 uxor
966 1328 1026 1388 iam
1058 1336 1177 1390 mecum

181 1428 304 1488 cubat.”

213 1556 296 1621 apud,
312 1569 349 1614 ro,
363 1568 385 1604 2.
737 1556 824 1621 aperi,
840 1569 877 1616 14,
890 1555 913 1604 6.

214 1640 332 1704 obserat,
344 1638 378 1688 cf.
390 1640 493 1696 claudit,
508 1652 546 1696 21,
562 1651 583 1703 5.
738 1639 875 1704 cognosco,
890 1652 928 1696 22,
943 1652 964 1686 z.

213 1723 307 1788 redux,
321 1736 359 1787 31,
372 1737 395 1784 4.
738 1722 820 1786 anim,
834 1736 873 1786 30.
888 1735 929 1781 1o;
948 1721 980 1771 ei.
991 1739 1061 1780 nam,
1072 1735 1110 1781 22,
1120 1722 1143 1772 6.

213 1805 325 1871 ostium,
338 1812 450 1869 portam,
466 1819 502 1866 14,
515 1804 538 1854 6.
739 1807 829 1871 cubat,
843 1805 875 1853 cf.
888 1807 972 1855 cubr‘le.

432 2001 480 2061 33.
520 1987 582 2043 The
600 1986 921 2056 Gossip—contz‘nuccr'.

224 2116 286 2175 Diu
307 2115 424 2175 femina
447 2122 554 2192 preces
578 2114 777 2191 producebat,
803 2113 859 2173 sed
884 2114 1018 2187 fristr53
1052 2116 1176 2175 tandem

181 2216 284 2276 dolum
300 2216 437 2293 parabat.
484 2214 580 2273 “Nisi
600 2215 663 2286 ti1,”
681 2213 789 2289 inquit,
808 2221 953 2291 “portam
974 2214 1102 2290 aperies
1119 2236 1178 2293 ego

181 2315 213 2374 in
224 2317 285 2376 hoc
293 2316 405 2375 flumen
416 2315 585 2375 disiliamss’
617 2314 714 2373 Simul
723 2313 755 2371 in
766 2333 877 2390 aquam
888 2323 1031 2392 magnum
1045 2316 1177 2391 lapidem

181 2416 315 2476 devolvit
337 2425 368 2475 et
389 2422 457 2474 sese
480 2423 542 2474 non
564 2414 670 2491 procul
698 2413 792 2473 abdit.
845 2413 902 2472 Vir
928 2416 1029 2474 sonitu
1055 2415 1178 2475 territus

182 2516 291 2576 (istium
317 2516 415 2592 aperit
438 2523 642 2592 properatque
661 2514 701 2573 ad
722 2523 828 2590 ripam.
875 2515 1020 2575 Protinus
1040 2515 1179 2591 irrumpit

181 2615 213 2673 in
239 2616 331 2675 aedes
355 2635 430 2675 uxor
455 2615 641 2692 obseratque
667 2624 795 2690 portam.
852 2616 975 2675 Frirstri
997 2614 1044 2674 vir
1073 2617 1178 2675 infelix

182 2716 293 2775 ostium
308 2716 409 2792 pulsat
422 2738 429 2788 ;
455 2722 473 2749 ‘⁶
484 2714 649 2786 Discede,'’
666 2714 767 2791 inquit
781 2734 865 2787 uxor,
885 2722 901 2748 “
911 2725 945 2775 tir
959 2715 1050 2787 enirn,
1064 2726 1097 2775 ut
1111 2716 1178 2792 ipse

182 2815 293 2888 dixisti,
310 2823 373 2875 non
388 2834 422 2875 es
436 2833 523 2874 meus
539 2814 703 2873 coniunx.”

214 2949 349 3014 disiliam,
365 2962 402 3013 13,
414 2962 437 3013 9.
738 2947 790 3011 vir,
802 2949 924 2996 coniunx.

215 3033 307 3098 simul,
320 3033 401 3082 eidem
414 3039 531 3094 tempore,
544 3045 583 3095 31,
597 3045 619 3095 p
738 3029 873 3095 protinus,
886 3032 980 3088 rtatim,
995 3045 1017 3088 2,
1030 3031 1053 3081 6.

214 3116 303 3181 abdit,
316 3117 385 3173 celat,
401 3129 438 3172 12,
454 3128 490 3164 10.
738 3114 856 3178 obserat,
870 3127 909 3178 32,
922 3127 945 3174 4.

463 3294 512 3353 34.
552 3280 614 3335 The
633 3278 718 3349 siege
737 3278 767 3333 of
786 3278 892 3335 cuais.
914 3295 915 3298 ¹

224 3407 383 3468 Edvardus
419 3406 500 3477 olim,
534 3413 587 3464 rex
625 3379 849 3478 Britanndrum,
883 3406 992 3488 urbem
1029 3406 1177 3466 Gallicam

181 3510 389 3591 oppugnabat.
428 3507 490 3567 Diri
505 3506 623 3566 incolae
640 3505 799 3583 copiarum
814 3505 895 3584 regis
906 3505 1055 3583 impetum
1066 3515 1178 3587 magna
