2692 3959
576 300 624 350 UL
631 302 745 350 YSSES.

479 580 543 639 150.
583 568 644 625 The
662 568 837 639 wind-Bag.

200 713 321 770 Novem
345 709 412 770 dies
441 718 534 770 vente
564 712 789 771 secundissimo
818 731 941 772 cursum
970 720 1157 774 tenuerunt:

158 809 280 885 iamque
296 810 328 867 in
344 817 544 886 censpectum
560 811 677 888 patriae
698 830 772 870 suae
788 804 945 885 venerant,
963 831 1032 871 cum
1049 812 1158 872 Ulixes

157 909 338 968 lassitr‘rdine
362 910 532 984 confectus,
559 911 625 987 ipse
649 911 730 969 enim
756 920 849 970 mansi
872 921 927 971 sua
951 912 1155 990 gubernabat,

157 1010 197 1068 ad
213 1009 347 1085 quietem
363 1010 546 1086 capiendam
562 1011 711 1069 recubuit.
757 1013 799 1069 At
814 1011 898 1083 socii,
910 1019 962 1087 qui
978 1011 1156 1070 iamdi'idum

157 1110 347 1167 mirabantur
359 1108 433 1185 quid
450 1109 481 1166 in
497 1109 548 1169 ille
561 1118 652 1170 sacco
665 1110 817 1169 inclesum
830 1120 920 1183 esset,
934 1129 1004 1169 cum
1016 1109 1156 1171 viderent

157 1209 267 1268 ducem
292 1215 400 1268 somno
424 1228 606 1286 oppressum
628 1229 706 1282 esse,
734 1219 850 1269 tantam
871 1210 1067 1270 occesienem
1091 1219 1155 1270 nen

157 1307 359 1367 omittendam
388 1310 526 1368 arbitrati
552 1319 642 1368 sunt:
680 1311 848 1369 credebant
877 1310 957 1368 enim
988 1329 1094 1368 aurum
1124 1320 1156 1371 et

157 1417 317 1485 argentum
344 1408 386 1467 ibi
413 1410 512 1468 celari.
559 1411 669 1485 Itaque
696 1417 751 1486 spe
777 1411 852 1469 lucri
879 1410 1005 1469 adducti
1029 1429 1155 1469 saccum

157 1507 224 1566 sine
240 1517 325 1568 more
341 1509 514 1568 solverunt:
541 1517 603 1586 quo
618 1510 711 1582 lacto,
728 1520 811 1569 venti

490 1642 590 1690 “Velut
602 1642 705 1705 agmine
717 1642 788 1691 facto

290 1725 350 1786 Qua
362 1724 423 1774 data
435 1733 512 1789 porta
523 1734 601 1773 ruunt
613 1734 639 1774 et
652 1734 733 1775 terras
746 1726 846 1775 turbine
858 1727 992 1790 perflant.''

158 1842 319 1918 Extemplo
334 1851 422 1901 tanta
436 1851 604 1918 tempestas
621 1843 724 1902 subite
740 1845 845 1902 coorta
862 1853 916 1916 est,
931 1854 964 1903 ut
976 1844 1019 1902 illi
1030 1863 1154 1903 cursum

156 1948 260 2000 tenere
284 1949 346 2001 nen
370 1951 506 2018 possent,
527 1943 582 2001 sed
606 1943 636 2000 in
662 1943 793 2001 eandem
819 1952 936 2018 partem
961 1945 1042 2002 unde
1066 1953 1154 2002 erant

118 2031 126 2043 ’
156 2043 288 2118 profecti
311 2042 506 2101 referrentur.
552 2042 660 2101 Ulixes
687 2050 704 2100 e
729 2050 837 2101 somne
862 2043 1013 2102 excitatus
1034 2051 1096 2119 que
1121 2043 1153 2101 in

157 2141 226 2200 loce
241 2149 290 2200 res
306 2152 389 2201 esset
408 2143 509 2201 statim
525 2142 693 2201 intellexit:
725 2161 849 2201 saccum
864 2143 996 2202 soletum
1014 2144 1153 2202 Ithacam

156 2250 226 2317 post
237 2251 354 2318 tergum
367 2242 505 2301 relictam
517 2243 593 2301 vidit
606 2266 611 2300 :
634 2252 699 2301 tum
712 2250 784 2302 vere
796 2243 928 2303 maixime
940 2242 1153 2319 indignatione

156 2340 269 2399 exarsit
293 2341 456 2418 sociesque
482 2343 673 2420 obiurgabat,
700 2343 784 2419 quod
807 2342 976 2420 cupiditete
1002 2341 1153 2418 pecnniae

157 2440 283 2498 adducti
305 2459 392 2517 spem
414 2441 530 2517 patriae
553 2441 706 2500 videndae
728 2441 938 2518 preiecissent.

482 2653 546 2712 151.
587 2641 728 2712 Drawing
747 2642 826 2697 Iota.

200 2786 288 2843 Brevi
311 2785 485 2843 intermisso
505 2785 613 2862 spatie,
631 2786 743 2843 Graeci
766 2785 883 2845 insulae
903 2785 1025 2844 cuidam
1046 2804 1154 2861 appro-

156 2890 382 2960 pinquaverunt
398 2903 489 2959 quam
507 2885 604 2954 Circe,
621 2884 689 2942 filia
705 2884 793 2956 selis,
811 2885 974 2944 incolebat.
1020 2885 1068 2943 Ibi
1083 2903 1152 2943 cum

157 2992 266 3042 nevam
291 2983 469 3059 appulisset,
498 2983 606 3042 Ulixes
633 2983 663 3040 in
690 2992 802 3041 terram
828 2983 1037 3044 framentandi
1060 2993 1153 3043 causa

157 3082 375 3158 egrediendum
399 3101 468 3142 esse
493 3082 615 3155 statuit3
647 3090 835 3160 cognoverat
860 3083 942 3142 enim
966 3083 1152 3143 framentum

157 3182 240 3256 quod
256 3181 286 3239 in
303 3191 374 3241 navi
389 3183 539 3242 haberent
557 3183 617 3240 iam
641 3183 781 3241 deficere.
828 3182 926 3242 Sociis
949 3183 1040 3261 igitur
1060 3185 1100 3243 ad
1120 3191 1154 3243 se

157 3290 344 3355 convocatis,
373 3289 434 3357 que
460 3283 491 3339 in
520 3283 590 3341 loce
619 3290 668 3342 res
693 3293 776 3342 esset
802 3293 834 3341 et
859 3282 934 3359 quid
960 3285 1026 3342 fieri
1052 3284 1152 3354 vellet,

157 3380 302 3439 ostendit.
348 3382 427 3440 Cum
447 3390 550 3440 tamen
567 3389 674 3441 omnes
695 3382 727 3440 in
747 3382 892 3441 memoria
907 3390 1048 3442 tenerent
1063 3402 1155 3459 quarn

158 3480 274 3537 cradeli
290 3488 386 3537 morte
402 3480 621 3540 occubuissent
635 3481 656 3539 ii
672 3490 725 3556 qui
741 3491 838 3558 ni'iper
854 3481 886 3539 in
901 3481 1031 3557 patriam
1047 3482 1154 3561 Cycle

159 3596 232 3652 pum
247 3585 362 3654 egressi
383 3588 496 3650 essent,
513 3587 604 3638 neme
619 3589 759 3654 repertus
779 3588 894 3655 estqui
914 3579 974 3639 hec
997 3581 1154 3659 negetium
