2692 3959
566 257 613 312 UL
620 259 734 312 YSSES.

539 542 603 602 147.
643 529 763 599 Escrpe.

196 681 237 737 At
262 677 479 755 Polyphemus,
497 674 549 734 ubi
573 674 674 733 socies
697 681 770 733 sues
791 673 904 732 abiisse
924 667 1030 746 sensit,
1046 667 1150 734 furere

154 788 247 854 atque
265 776 398 836 amentie
417 775 568 852 impulsus
591 773 714 832 Ulixem
733 773 843 832 iterum
858 793 1005 850 quaerere
1025 774 1149 850 coepit:

154 879 279 938 tandem
295 896 364 935 curn
380 884 500 953 portam
515 873 695 946 invenisset,
712 865 819 932 sarium
834 881 896 950 que
911 874 1070 933 obstructa
1084 884 1151 933 erat

154 977 277 1050 emovit,
294 986 327 1034 ut
350 994 446 1052 pecus
469 974 509 1033 ad
533 981 623 1051 agros
647 982 751 1033 exiret.
795 975 875 1032 Tum
895 973 961 1050 ipse
977 973 1151 1045 inintroitii

156 1077 237 1136 sedit
258 1086 289 1135 et
311 1086 344 1134 ut
359 1093 500 1151 quaeque
517 1074 584 1132 ovis
607 1074 646 1132 ad
669 1074 770 1132 locum
792 1080 925 1146 venerat,
943 1083 1061 1150 tergum
1083 1074 1151 1132 eius

156 1177 298 1235 manibus
313 1175 474 1247 tractebat,
491 1181 529 1233 ne
545 1172 601 1233 viri
616 1173 695 1233 inter
710 1180 784 1233 oves
799 1182 880 1233 exire
895 1182 1032 1249 possent.
1056 1173 1151 1248 Quod

156 1296 225 1335 curn
249 1275 517 1334 animadvertisset
544 1273 661 1346 Ulixes,
685 1274 745 1332 hoc
771 1272 838 1331 iniit
861 1273 1039 1346 censilium3
1071 1275 1152 1333 bene

157 1376 238 1435 enirn
261 1374 409 1434 intellexit
429 1392 551 1433 ornnem
572 1391 658 1449 spem
683 1372 790 1432 salutis
806 1373 837 1431 in
852 1373 923 1431 dolo
945 1373 1043 1450 magis
1058 1392 1152 1449 quam

158 1472 188 1531 in
216 1473 326 1532 virtute
352 1482 434 1549 poni.
481 1477 616 1533 Primum
644 1483 707 1534 tres
734 1483 810 1551 quais
836 1472 913 1532 vidit
937 1469 1160 1549 pinguissimes

158 1591 196 1632 ex
221 1572 332 1632 ovibus
362 1573 491 1651 delegit:
524 1575 635 1650 quibus
666 1575 746 1633 inter
769 1581 802 1633 se
825 1572 991 1632 viminibus
1021 1579 1158 1642 ceneris,

162 1683 255 1733 unum
279 1673 432 1733 socierum
456 1672 614 1732 ventribus
638 1681 743 1732 eerum
763 1673 806 1732 ita
826 1673 965 1747 subiecit,
983 1685 1016 1734 ut
1031 1683 1157 1734 omnino

162 1773 287 1833 lateret:
320 1772 433 1832 deinde
449 1779 523 1831 oves
539 1772 695 1831 hominem
711 1779 815 1831 secum
830 1774 966 1833 ferentes
981 1776 1021 1833 ad
1036 1784 1157 1851 portam

163 1873 234 1950 egit.
280 1873 318 1931 ld
333 1871 446 1931 accidit
462 1873 545 1948 quod
560 1872 626 1931 iore
642 1871 815 1949 suspicetus
831 1882 904 1932 erat.
951 1875 1157 1952 Polyphemus

163 1974 254 2045 enim,
271 1981 435 2049 postquam
455 1981 564 2031 maniis
581 1981 675 2049 tergis
690 1980 793 2031 cerum
814 1972 967 2049 imposuit,
984 1981 1057 2034 oves
1073 1994 1158 2050 prae-

163 2081 254 2133 terire
276 2092 386 2150 passus
408 2082 464 2131 est.
509 2072 627 2143 Ulixes,
644 2072 697 2131 ubi
720 2091 784 2132 rem
806 2072 850 2132 ita
868 2073 999 2133 feliciter
1016 2074 1158 2134 evenisse

163 2173 248 2246 vidit,
265 2180 371 2232 omnes
394 2179 466 2232 suos
489 2172 591 2231 socios
611 2192 649 2232 ex
667 2172 775 2232 ordine
793 2174 903 2232 eedem
924 2175 1017 2234 mode
1039 2174 1157 2248 emisit;

164 2281 226 2350 que
240 2274 333 2345 tacte,
350 2272 416 2349 ipse
433 2271 556 2332 ultimus
572 2272 679 2331 evesit.

485 2502 549 2573 148.
589 2505 647 2561 0ut
665 2504 696 2560 of
714 2505 839 2575 Danger.

207 2649 268 2708 His
293 2648 385 2707 rebus
414 2647 457 2707 ita
481 2648 640 2721 confectis,
669 2649 777 2709 Ulixes
806 2668 876 2708 cum
905 2649 1160 2709 sociis-mexime

164 2748 332 2808 veritusne
355 2749 562 2827 Polyphemus
576 2750 716 2808 fraudem
738 2759 872 2823 sentiret,
890 2769 982 2826 quam
1002 2751 1160 2811 celerrime

165 2849 204 2907 ad
228 2849 300 2908 litus
324 2848 505 2908 contendit:
537 2856 598 2925 quo
622 2867 692 2908 cum
716 2849 882 2920 venissent,
899 2851 938 2908 ab
959 2851 997 2909 iis
1018 2860 1070 2927 qui
1088 2860 1160 2910 nevi

164 2948 320 3024 praesidio
343 2949 440 3008 relicti
464 2958 559 3021 erant,
576 2957 688 3026 megnai
709 2968 778 3008 cum
802 2949 920 3009 laetitia
940 2960 1059 3027 accepti
1077 2960 1158 3010 sunt.

167 3050 211 3106 Hi
226 3048 317 3121 enim,
336 3067 405 3106 curn
421 3048 531 3107 animis
547 3048 644 3108 anxiis
665 3049 726 3107 iam
742 3056 805 3108 tres
820 3049 887 3109 dies
907 3050 1039 3108 reditum
1054 3059 1159 3110 eorum

165 3146 196 3208 in
213 3148 305 3208 heres
317 3148 589 3225 exspectavissent,
603 3157 657 3208 ees
672 3148 704 3207 in
718 3150 887 3225 periculum
898 3169 991 3227 grave
1003 3150 1158 3224 incidisse,

165 3249 197 3307 id
213 3248 296 3324 quod
311 3259 384 3320 erat,
402 3248 558 3324 suspiceti,
576 3247 635 3324 ipsi
655 3248 821 3307 auxiliandi
837 3259 931 3309 cause
950 3251 1055 3327 egredi
1074 3259 1161 3327 pare-

166 3347 249 3405 bant.
294 3349 373 3404 Tum
390 3347 498 3406 Ulixes
520 3355 583 3406 non
606 3348 682 3406 satis
704 3357 802 3406 tritum
818 3368 886 3408 esse
901 3349 1066 3409 arbitretus
1081 3356 1107 3409 si
1128 3349 1160 3407 in

166 3453 204 3504 eo
234 3445 303 3504 loco
327 3453 472 3517 maneret,
504 3465 596 3522 quam
619 3447 778 3506 celerrime
807 3450 960 3523 proficisci
988 3449 1158 3509 constituit.

168 3543 263 3602 Iussit
279 3543 368 3621 igitur
378 3550 485 3602 omnes
501 3553 610 3602 nivem
623 3546 832 3604 conscendere
847 3557 878 3606 et
893 3557 1014 3608 ancoris
1029 3550 1160 3610 subletis
