2692 3959
555 282 792 358 Anacaoras.

154 548 156 554 ·
307 518 565 577 ANECDOTES
596 519 621 575 F
623 518 684 577 OR
713 516 1035 575 TRANSLATION.

217 683 291 748 The
307 683 479 766 following
496 683 574 746 nine
591 684 773 746 anecdotes
790 681 921 764 require
937 701 957 744 a
973 679 1169 763 knowledge

172 793 207 856 Of
319 884 366 964 (a)
392 884 532 943 Relative
556 886 724 942 Pronouns.

320 984 365 1065 (b)
390 984 515 1043 Passive
537 984 569 1043 of
591 982 807 1061 conjugations
830 985 854 1041 Ι.
877 981 939 1040 and
961 984 1004 1041 ΙΙ,

368 1198 416 1270 46.
457 1200 483 1255 Α
508 1199 582 1255 Ride
607 1213 644 1255 on
669 1214 688 1254 a
712 1199 865 1255 centaur’s
892 1197 981 1252 Baclr.

217 1346 371 1416 Centauri,
389 1352 441 1419 qui
456 1344 489 1401 in
503 1343 659 1403 montibus
675 1344 854 1403 Thessaliae
869 1343 1061 1415 habitabant,
1077 1353 1171 1419 caput

174 1454 343 1520 manusque
371 1444 522 1502 humanas
556 1453 702 1520 equinum
731 1454 835 1503 tamen
863 1462 975 1520 corpus
1003 1427 1169 1502 habebant.

138 1568 141 1572 ·
176 1544 328 1603 Hercules
358 1544 429 1604 (alim
460 1563 514 1621 per
542 1545 599 1627 has
628 1544 770 1622 regitines
796 1563 866 1603 cum
891 1551 985 1603 uxbre
1013 1543 1168 1615 Deianira,

174 1664 267 1720 quam
291 1653 387 1720 nuper
417 1645 552 1716 duxerat,
576 1645 634 1704 iter
654 1637 798 1703 iaciebat.
855 1646 930 1703 Mox
952 1644 1096 1719 adripias
1119 1643 1171 1701 alti

174 1745 335 1822 rapidique
357 1744 491 1804 fluminis
509 1745 641 1804 viatbres
664 1745 848 1821 perveniunt
868 1745 1043 1820 frustraque
1058 1744 1170 1802 vadum

175 1854 291 1922 petunt.
359 1845 467 1905 Subitb
510 1845 641 1904 occurrit
676 1855 840 1904 centaurus
876 1844 1009 1920 quidam,
1048 1844 1170 1903 numine

176 1948 304 2005 Nessus.
354 1946 530 2017 “Multae''
554 1945 661 2021 inquit,
688 1952 806 2004 “antea
828 1952 913 2004 trans
934 1945 994 2004 hbe
1016 1943 1130 2003 flumen
1152 1952 1170 2002 a

175 2053 224 2105 me
260 2052 485 2122 transportatae
522 2055 602 2104 sunt.
661 2046 688 2102 T
691 2052 707 2104 ἑ
744 2064 875 2121 quoque,
913 2052 931 2104 ὁ
967 2044 1172 2120 pulcherrima

178 2146 331 2217 Deianira,
343 2156 369 2204 si
385 2145 481 2222 cupis,
498 2146 560 2205 lats)
576 2153 645 2205 mes)
660 2152 747 2223 tergi>
763 2145 894 2204 libenter
908 2146 1125 2221 transportabb
1138 2145 1170 2215 ;''

177 2246 266 2305 simul
290 2246 436 2304 feminam
458 2246 542 2304 haud
571 2246 697 2305 invitam
724 2245 872 2322 suscipit;
897 2244 1010 2304 deinde
1036 2245 1171 2321 perfidus

177 2353 289 2423 magna
311 2345 466 2406 celeritate
489 2346 521 2404 in
543 2352 662 2405 montes
684 2345 772 2422 fugit.

244 2498 337 2561 nuper,
350 2511 410 2560 opp.
423 2497 493 2545 alim.
733 2509 848 2560 quoque,
861 2494 893 2543 cf.
905 2497 988 2553 etiam,
999 2508 1038 2559 45,
1052 2509 1075 2555 4.

242 2578 370 2645 visitares,
384 2592 423 2644 37,
437 2593 459 2641 7.
733 2580 806 2630 haud
818 2579 945 2643 invitam,
955 2581 1085 2626 volentem.

270 2773 318 2833 47.
358 2762 384 2817 A
409 2761 484 2818 Ride
509 2776 545 2818 on
570 2777 588 2817 a
613 2763 767 2819 Centaur’s
791 2761 1080 2816 Beck—continued.

221 2905 373 2964 Hercules
403 2915 513 2975 autem,
544 2925 636 2981 quem
664 2906 750 2964 fraus
779 2914 916 2964 centauri
946 2912 1008 2963 nnn
1037 2904 1171 2975 fallebat,

178 3023 282 3063 arcum
304 3005 405 3081 rapuit
427 3016 457 3064 et
479 3013 539 3063 una
562 3025 599 3064 ex
622 3006 658 3064 iis
681 3005 800 3082 sagittis
823 3013 900 3080 quas
929 3004 995 3080 ipse
1025 3005 1173 3082 sanguine

180 3106 307 3184 Hydrae
331 3106 463 3165 tinxerat
488 3106 649 3182 fugitivum
672 3105 850 3165 volneravit.
904 3108 946 3163 At
973 3105 1174 3164 moribundus

177 3205 311 3265 feminae
321 3206 482 3264 cbnsilium
492 3205 551 3264 h6c
561 3202 786 3281 iniquissimum
797 3206 850 3264 dat
858 3208 991 3264 Nessus:
1008 3205 1172 3281 “Accipe,''

177 3305 285 3381 inquit,
305 3306 412 3364 “hanc
434 3305 578 3377 tunicam,
596 3325 688 3380 quam
710 3324 797 3364 meus
819 3305 945 3382 sanguis
967 3305 1074 3375 tinxit3
1097 3305 1174 3364 haec

177 3404 234 3464 tibi
256 3405 423 3481 aliquandi)
445 3412 579 3463 amarem
602 3404 742 3482 coniugis
768 3404 937 3464 restituet.'’
992 3405 1052 3462 His
1074 3404 1175 3463 verbis

177 3514 341 3563 centaurus
363 3503 501 3563 occidit
