2692 3959
193 291 226 345 52
571 293 814 344 ANECDOTES.

193 461 296 540 poscit
320 461 481 539 avidisque
507 460 605 521 oculis
631 462 728 538 dapes
751 461 932 538 splendidas
954 461 1070 521 lustrat.
1115 462 1193 521 Mox

192 573 297 622 tamen
311 561 365 621 ubi
379 561 497 640 piscem
516 561 555 620 ad
573 568 609 622 os
628 561 779 635 admovet,
797 561 884 620 cibus
907 561 939 619 in
958 580 1064 620 aurum
1087 561 1191 621 statim

193 671 327 723 mutatus
343 670 409 733 est;
432 669 485 721 rex
500 660 600 738 igitur,
617 661 704 721 cuius
720 660 751 720 in
766 660 908 720 faucibus
928 661 1027 739 rigida
1044 662 1192 721 haerebat

193 781 304 834 massa,
330 771 436 821 vinum
462 760 584 839 poscit3
616 760 698 821 idem
721 761 832 820 evenit.
887 762 1029 821 Tandem
1051 768 1103 820 rex
1125 768 1191 822 esu-

193 863 283 936 riem,
309 863 392 939 quod
418 861 494 921 nihil
520 880 578 921 nec
604 862 718 922 edebat
743 880 801 921 nec
827 861 956 921 bibebat
982 861 1190 939 compluribus

192 963 311 1036 diebus,
328 961 468 1024 maximis
486 962 630 1039 precibus
651 962 807 1022 Bacchum
825 969 900 1021 orat.
946 961 1025 1021 Inde
1043 981 1113 1020 cum
1128 970 1191 1020 risu

192 1064 269 1123 deus
284 1062 377 1123 fatale
393 1055 509 1122 dorium
524 1071 655 1122 amovet.

275 1213 393 1279 egregio,
406 1219 480 1262 miro.
816 1212 910 1279 dapes,
923 1213 1020 1275 epulas,
1032 1226 1056 1276 9,
1071 1227 1093 1260 1.

275 1299 393 1363 monere,
406 1297 477 1345 deno.
816 1294 951 1362 faucibus,
966 1309 1005 1361 54,
1020 1309 1057 1343 12.

274 1380 409 1445 protinus,
423 1393 462 1445 33,
476 1392 498 1445 5.
816 1381 955 1446 haerebat,
970 1394 991 1438 2,
1006 1392 1028 1446 5.

219 1504 221 1508 ,
256 1477 258 1481 ·
275 1464 354 1528 ligni,
368 1463 401 1513 cf.
413 1465 518 1526 ligneos,
531 1478 572 1524 40,
588 1478 625 1513 ιο.
815 1463 946 1529 inuidos,
959 1478 999 1527 49,
1011 1477 1037 1528 9.

276 1547 380 1612 gratiis
394 1583 400 1598 .
416 1584 422 1598 .
439 1584 446 1596 .
460 1547 600 1613 persolvit,
614 1547 699 1611 cf.13‚
712 1561 749 1595 12.
817 1547 924 1611 edebat,
939 1560 977 1611 34,
990 1561 1014 1607 4.

468 1778 517 1852 58.
557 1780 618 1836 The
636 1780 795 1851 oomipmg
813 1780 910 1836 Troes.

234 1925 348 2002 Apollo
363 1924 446 1999 olim,
459 1943 569 1984 curvae
586 1924 668 2003 lyrae
684 1925 832 1998 inventor,
846 1943 915 1983 curn
930 1926 1039 2003 Satyro
1055 1924 1189 2001 quodam

192 2027 232 2086 de
253 2035 322 2085 arte
339 2034 396 2086 sua
418 2025 605 2085 decertabat.
650 2024 792 2083 Tandem
814 2033 892 2083 tanti
915 2023 1091 2083 certaminis
1113 2024 1190 2082 arbi·
1234 2100 1238 2105 ,

192 2126 283 2186 trium
299 2126 391 2186 ambo
409 2125 450 2184 ad
471 2124 590 2184 Midam
610 2132 712 2203 regern
730 2124 783 2203 (do
803 2131 865 2201 quo
886 2133 978 2200 supra
998 2124 1189 2183 demonstra-

192 2226 306 2307 vimus)
326 2232 552 2285 commiserunt.
602 2227 669 2284 Rex
692 2234 803 2297 autem,
823 2233 876 2301 qui
898 2231 1043 2283 numeros
1063 2231 1190 2283 omuino

193 2327 364 2405 ignorabat,
381 2335 546 2403 postquam
562 2324 698 2384 carmina
717 2334 876 2401 utriusque
894 2325 1061 2397 audiverat,
1081 2325 1190 2404 Satyro

193 2428 326 2504 palmam
353 2425 447 2486 dedit.
496 2427 582 2484 Deus
608 2424 709 2501 igitur,
733 2425 786 2483 tali
812 2424 942 2484 stultitia
968 2433 1071 2497 iratus,
1095 2423 1191 2502 capiti

193 2526 273 2604 regis
299 2525 378 2586 asini
404 2533 494 2584 aures
520 2524 639 2584 adfixit.
684 2525 765 2583 Tum
787 2531 839 2583 rex
861 2524 1005 2583 callidum
1028 2524 1190 2584 consilium

193 2626 353 2704 concepit3
386 2626 502 2704 regium
532 2624 614 2704 enim
643 2632 801 2685 tonsorem
833 2625 950 2699 ascivit,
981 2624 1068 2684 cuius
1097 2634 1191 2702 opera

193 2746 283 2786 suum
298 2727 434 2786 dedecus
450 2728 489 2786 ab
504 2725 602 2786 oculis
617 2725 753 2786 omnium
768 2724 907 2783 abditum
919 2734 975 2785 est.
1017 2728 1059 2786 At
1074 2733 1189 2797 tonsor,

192 2828 238 2886 vir
252 2828 373 2904 loquax,
390 2835 452 2904 qui,
469 2827 541 2886 dum
561 2835 666 2886 manet
683 2826 715 2884 in
737 2826 821 2898 urbe,
838 2844 902 2884 reru
921 2825 973 2885 vix
992 2826 1122 2898 celabat,
1139 2835 1190 2885 rus

193 2927 346 3001 discessit,
375 2927 516 3005 regisque
545 2927 701 2986 fortunam
731 2926 892 2986 arboribus
922 2926 1064 2985 narravit.
1119 2927 1190 2984 Hae
1284 2968 1287 2971 -

194 3039 296 3088 autern
312 3036 467 3087 comarum
484 3034 617 3101 susurro,
631 3027 715 3104 quod
726 3034 820 3087 vento
835 3035 911 3086 rami
926 3025 1032 3104 agitati
1048 3037 1129 3098 sunt,
1142 3028 1191 3086 his

193 3130 295 3188 verbis
310 3146 374 3187 reru
389 3127 565 3204 volgabant,
584 3129 692 3187 “Sunt
708 3127 812 3187 Midae
829 3133 917 3186 aures
934 3126 1042 3186 asini.’'

276 3281 478 3345 commiserunt,
491 3279 559 3330 from
571 3281 704 3330 committo.
817 3279 956 3344 callidum,
969 3293 1009 3340 44,
1024 3291 1045 3327 2.

276 3364 409 3428 numeros,
423 3364 514 3421 modos,
527 3378 566 3424 41,
581 3377 603 3428 9.
763 3390 765 3394 ·
816 3363 961 3426 tonsorem,
977 3374 1014 3424 19,
1027 3375 1050 3421 4.

275 3446 426 3510 utriusque,
442 3459 480 3512 54,
493 3461 516 3506 4.
817 3444 926 3509 ascivit,
939 3445 1079 3492 advocavit.

276 3529 409 3597 palmam,
417 3531 573 3594 praetorium,
586 3530 626 3591 48,
638 3531 662 3580 ὃ,
816 3529 962 3593 comitum,
967 3528 1104 3592 soliorum.
1118 3535 1120 3538 '
