2692 3959
507 337 586 384 THE
608 337 847 386 ARGONAUTS.

484 598 548 658 127.
589 585 615 640 Α
634 586 761 658 strange
779 588 861 657 crop.

215 729 362 789 Ndndum
383 739 485 789 tamen
508 733 599 789 lisdn
619 739 716 790 tritum
732 750 810 808 opus
825 732 1021 791 cbnfecerat:
1045 733 1172 809 impera-

171 839 257 889 verat
283 829 364 888 enim
391 839 419 888 ei
445 832 560 889 Aeetes
587 839 620 889 ut
646 838 781 889 armates
807 831 888 915 uirds
913 840 1002 908 quie
1025 833 1170 892 dentibus

171 939 369 1006 gignerentur
398 930 482 988 stilus
508 930 702 989 interficeret.
749 933 915 1006 Postquam
942 931 1034 1008 igitur
1063 940 1170 992 omnes

172 1030 280 1088 dentes
306 1029 337 1087 in
364 1049 469 1106 agrum
496 1030 618 1106 sparsit,
648 1033 741 1090 Iristin
768 1030 948 1089 lassitudine
978 1032 1169 1092 exanimatus

171 1129 266 1205 quieti
296 1137 329 1188 se
359 1130 493 1211 tradidit,
521 1130 594 1188 dum
620 1130 676 1188 viri
706 1130 757 1189 isti
785 1140 991 1208 gignerentur.
1051 1135 1169 1192 Paucas

170 1229 261 1288 heras
284 1229 473 1301 dormiebat3
501 1231 559 1288 sub
581 1249 745 1306 vesperum
768 1239 871 1289 tamen
895 1238 911 1289 e
934 1239 1043 1291 somni>
1066 1232 1168 1293 subiti)

170 1329 321 1389 excitatus
343 1348 407 1388 rem
430 1330 472 1388 ita
487 1330 636 1402 evenisse,
654 1341 688 1389 ut
708 1331 899 1406 praedictum
914 1340 988 1404 erat,
1005 1332 1167 1412 cbgndvit:

113 1461 117 1469 ·
170 1447 241 1487 nam
264 1429 296 1487 in
320 1429 463 1488 omnibus
488 1439 552 1506 agri
576 1431 716 1505 partibus
739 1430 794 1489 viri
817 1431 933 1507 ingenti
956 1431 1168 1508 magnitudine

169 1529 314 1605 corporis,
340 1529 452 1605 gladiis
475 1530 633 1606 galeisque
660 1538 778 1603 armati,
805 1540 914 1589 mirum
941 1531 972 1588 in
998 1532 1124 1591 modum
1150 1540 1167 1591 ἐ

169 1637 249 1687 terra
272 1629 459 1688 oriebantur.
516 1631 588 1689 Hbc
614 1629 739 1706 cbgnitri
767 1632 861 1690 Iasr‘m
891 1610 1054 1690 cbnsilium
1084 1632 1167 1708 quod

169 1728 295 1788 dederat
320 1729 433 1788 Medea
459 1736 521 1788 nbn
546 1729 749 1789 omittendum
778 1748 847 1789 esse
876 1731 1021 1807 putabat3
1059 1750 1166 1790 saxum

168 1828 259 1905 igitur
273 1829 392 1907 ingens,
406 1828 448 1888 ita
460 1828 543 1888 enim
558 1836 758 1906 praeceperat
774 1830 895 1903 Medea,
910 1830 941 1888 in
954 1830 1072 1889 medids
1084 1831 1165 1891 viriis

168 1927 308 1987 cdniecit.
354 1929 403 1986 Illi
427 1929 564 2004 undique
594 1930 634 1988 ad
663 1930 765 1988 locum
793 1937 1012 1988 concurrerunt
1041 1940 1072 1989 et
1096 1950 1165 1989 cum

168 2027 298 2104 quisque
321 2028 380 2087 sibi
403 2029 435 2087 id
457 2048 573 2102 saxum,
591 2029 696 2088 nescii>
718 2039 779 2101 cur,
796 2030 909 2088 habere
933 2030 1032 2101 vellet,
1054 2039 1166 2108 magna

167 2128 376 2188 contrdversia
398 2139 465 2187 orta
487 2138 542 2188 est.
589 2129 664 2188 Mox
687 2129 801 2188 strictis
816 2129 927 2206 gladiis
949 2130 1028 2189 inter
1045 2137 1078 2189 se
1094 2140 1166 2208 pirg-

167 2236 241 2287 nare
260 2235 428 2305 coeperunt
451 2238 482 2287 et
504 2247 574 2287 cum
594 2229 654 2287 hbe
676 2228 768 2288 modi)
790 2229 912 2305 plurimi
933 2238 1028 2288 occisi
1050 2240 1163 2303 essent,

166 2327 275 2405 reliqui
289 2327 468 2388 volneribus
490 2329 625 2390 cdnfecti
647 2337 665 2388 a
686 2331 799 2387 Iasone
821 2329 906 2388 nulli)
929 2328 1053 2406 negritir’)
1075 2329 1164 2389 inter-

165 2427 240 2486 fecti
255 2437 335 2488 sunt.

475 2575 539 2631 128.
579 2576 682 2648 Flight
700 2576 730 2631 of
749 2576 858 2632 Medea.

208 2720 249 2778 At
273 2726 325 2778 rex
340 2723 462 2792 Aeetes,
477 2719 530 2779 ubi
546 2720 692 2797 crignbvit
714 2722 858 2780 Iasonem
874 2720 1012 2781 labdrem
1027 2722 1163 2798 prbposi-

165 2828 230 2878 turn
253 2819 436 2892 cdnfecisse,
459 2828 503 2879 ira
525 2820 659 2897 graviter
682 2827 853 2879 commistus
871 2830 936 2880 est:
967 2821 1170 2899 intellegebat⁸

165 2919 247 2977 enim
262 2919 295 2978 id
309 2938 365 2995 per
375 2920 480 2979 dolum
496 2920 611 2979 factum
628 2939 697 2980 esse
714 2939 770 2979 nec
786 2920 949 2980 dubitabat
960 2930 1035 2997 quin
1051 2922 1164 2981 Medea

166 3018 310 3077 auxilium
334 3029 362 3078 ci
384 3019 513 3079 tulisset.
560 3018 673 3079 Medea
697 3030 808 3092 autem,
825 3040 894 3079 cum
917 3020 1108 3098 intellegeret
1130 3029 1163 3081 se

165 3117 197 3175 in
213 3127 325 3195 magni>
340 3120 406 3179 fore
422 3120 566 3196 periculi),
579 3126 605 3179 si
620 3120 653 3177 in
668 3120 752 3197 regia
768 3120 940 3192 mansisset,
952 3121 1025 3198 fugai
1035 3123 1163 3181 salutem

164 3227 269 3293 petere
279 3218 447 3278 cdnstituit.
492 3219 646 3279 Omnibus
662 3219 754 3297 igitur
766 3220 921 3296 adingam
936 3229 1050 3297 paratis
1063 3221 1163 3281 media

165 3328 255 3377 nocte
278 3318 428 3378 insciente
451 3328 538 3395 patre
554 3338 623 3378 cum
646 3321 739 3378 fratre
756 3320 892 3398 Absyrti)
908 3320 1006 3380 evasit
1024 3330 1055 3380 et
1071 3340 1163 3397 quam
1264 3340 1272 3353 ·

165 3418 321 3477 celerrime
345 3420 384 3478 ad
407 3419 507 3478 locum
530 3419 582 3478 ubi
599 3422 684 3495 Argi)
707 3419 858 3478 subducta
880 3430 945 3479 erat
968 3428 1002 3479 se
1024 3421 1162 3480 contulit.

166 3519 212 3576 Ea
233 3537 302 3576 cum
318 3519 462 3590 venisset,
480 3519 520 3577 ad
542 3519 637 3595 pedes
661 3520 784 3578 Iasonis
801 3526 834 3578 se
856 3520 985 3595 prdiecit
1007 3530 1038 3578 et
1060 3520 1163 3579 multis

164 3635 234 3675 cum
263 3617 397 3677 lacrimis
426 3619 602 3678 obsecravit
631 3638 711 3690 enm,
739 3626 778 3677 ne
807 3619 839 3677 in
868 3627 956 3679 tanti>
986 3619 1163 3679 discrimine
