2692 3959
163 270 195 327 70
544 277 784 327 ANECDOTES.

162 442 266 519 gladio
295 452 389 502 imum
418 450 436 502 e
460 443 632 503 latronibus
658 443 829 514 trensfixit3
867 452 899 502 at
924 461 1028 503 comes
1054 442 1162 502 infelix

163 542 265 604 subite
293 542 410 619 impetit
435 544 632 619 perturbatus
656 552 676 603 a
701 543 871 603 latronibus
898 543 1077 603 interfectus
1103 552 1160 602 est.

162 644 242 701 Tum
257 650 310 702 rex
325 652 369 703 irai
385 653 416 703 et
435 643 541 704 dolere
563 643 719 717 incensus,
732 644 816 721 quod
837 643 973 721 gladium
994 651 1012 703 e
1033 662 1161 720 corpore

162 742 290 803 latrenis
319 742 475 803 interfecti
503 744 664 803 detrahere
690 751 753 803 nen
778 752 908 821 poterat,
934 744 1003 803 face
1028 744 1159 816 erdenti,

163 862 255 920 quam
283 851 301 903 e
324 844 397 903 foce
423 844 620 922 corripuerat,
647 844 773 903 alterius
798 843 927 903 latronis
952 853 1045 919 caput
1069 843 1159 902 elisit.

163 944 256 1018 Quod
271 943 324 1003 ubi
339 944 424 1004 videt
438 943 556 1017 tertius,
573 954 671 1003 morte
691 943 836 1004 comitum
856 943 1035 1020 perterritus
1054 944 1159 1020 fugam

162 1044 301 1104 tentevit.
346 1046 414 1104 Nec
439 1053 543 1103 tamen
569 1051 586 1103 e
611 1042 748 1121 periculo
777 1042 883 1116 evaisit,
907 1050 959 1102 rex
988 1043 1070 1104 euim
1100 1042 1161 1101 iam

163 1153 297 1204 armetus
311 1145 414 1222 gladio
430 1152 492 1222 que
507 1154 643 1204 occisum
658 1144 808 1203 latrenem
828 1143 1022 1220 spolieverat,
1039 1144 1161 1203 hostem

161 1245 330 1323 fugientem
345 1245 466 1305 mortali
480 1244 604 1304 volnere
620 1243 764 1305 confecit.

228 1377 493 1444 remuneratam.
686 1376 907 1442 insinnare,
923 1391 959 1442 13.

229 1463 373 1527 certamen,
384 1468 484 1525 pagna.
686 1461 785 1526 eviait,
797 1461 892 1524 effigit.

498 1739 545 1799 79.
586 1727 721 1783 ALover
742 1727 822 1783 Luat.

204 1888 292 1960 Galli,
311 1896 363 1964 qui
382 1887 542 1947 audeciam
564 1887 690 1947 meximi
713 1887 925 1961 aestimabant,
942 1888 1076 1948 feretum
1098 1907 1161 1948 cer-

162 1988 328 2047 teminibus
358 1989 486 2047 multum
516 1988 757 2048 delectabantur.
803 1988 980 2064 Aliquande
1008 1995 1062 2047 rex
1090 2007 1161 2047 eum

162 2097 275 2166 megne
305 2097 427 2148 caterve
456 2088 605 2148 nebilium
634 2088 857 2165 mulierumque
889 2088 1040 2147 clerairum
1072 2089 1161 2148 lirdos

162 2188 326 2248 sollemnes
342 2188 519 2264 aspiciebat.
565 2189 727 2262 Quaedam
739 2207 777 2247 ex
791 2189 847 2262 his,
862 2207 941 2264 quae
957 2197 1063 2265 spensi
1077 2188 1161 2247 forti-

161 2287 298 2347 tudinem
314 2297 431 2347 tentere
443 2288 546 2360 voluit,
560 2307 685 2347 aureum
700 2298 839 2364 torquem
855 2288 967 2348 deiecit
981 2289 1013 2347 in
1028 2288 1160 2348 mediam

161 2388 316 2460 harenam,
330 2396 391 2465 quai
412 2387 461 2446 lee
483 2388 592 2465 ingens
615 2406 684 2446 cum
706 2390 829 2448 duobus
852 2387 981 2466 tigribus
1005 2397 1160 2447 certamen

161 2488 343 2547 {acerrimum
360 2488 478 2564 agebat.
525 2490 600 2547 “Tu
616 2488 770 2564 quidem,''
788 2488 894 2564 inquit,
913 2488 1058 2564 “siquid
1078 2488 1109 2546 in
1129 2494 1160 2546 te

161 2588 275 2647 residet
297 2587 409 2647 ameris
435 2596 506 2665 erge
535 2596 593 2660 me,
624 2599 763 2665 torquem
792 2587 867 2646 mihi
896 2595 913 2646 e
941 2588 1015 2647 feris
1044 2587 1159 2664 eripe.”

163 2687 273 2745 Statim
288 2687 407 2747 iuvenis
422 2688 470 2746 his
485 2687 587 2746 verbis
602 2694 752 2747 accensus
773 2688 804 2745 in
825 2689 969 2746 harenam
990 2694 1023 2746 se
1045 2687 1160 2764 praeci-

160 2787 290 2863 pitevit3
317 2788 396 2847 saltir
411 2788 504 2846 alacri
518 2796 657 2863 torquem
672 2787 775 2864 rapuit
789 2812 795 2860 3
826 2797 909 2847 tirtus
931 2805 1001 2845 cum
1022 2787 1160 2864 praemiii

160 2887 259 2946 rediit.
304 2888 383 2945 Tum
399 2887 458 2959 ille,
475 2888 547 2946 dum
566 2895 673 2947 omnes
693 2888 809 2947 factum
829 2887 987 2963 plaudunt,
1004 2905 1074 2945 cum
1097 2896 1159 2947 risir

161 2987 200 3045 ad
222 2988 319 3065 pedes
340 2986 468 3064 virginis
491 2987 622 3046 crudelis
644 2996 783 3063 torquem
810 2986 947 3063 proiecit.
993 2988 1069 3046 “Tir
1097 2987 1160 3063 qui-

161 3088 261 3160 dem,’'
279 3085 386 3163 inquit,
406 3093 532 3144 “meam
550 3096 643 3145 vitam
665 3086 784 3145 minimi
806 3087 960 3160 habuisti;
992 3106 1050 3164 ego
1072 3096 1158 3146 tuum

160 3187 325 3247 amerem.’'

226 3336 330 3401 sponsi,
344 3335 376 3384 cf.
390 3349 429 3398 29,
443 3347 465 3400 5.
684 3337 813 3402 praemio,
822 3339 923 3399 palma,
937 3338 976 3404 58,
989 3337 1012 3388 6.

225 3418 332 3483 deiecit,
347 3418 385 3482 38,
398 3432 436 3467 ιο.
684 3419 808 3485 preiecit,
823 3432 861 3485 52,
873 3420 896 3469 8.

226 3501 319 3563 alacri,
332 3500 414 3548 celeri.
684 3502 816 3568 habuisti,
828 3506 1000 3553 aestimavisti.

1329 515 1331 616 l
