2692 3959
205 293 253 342 124
623 295 669 343 UL
678 296 792 344 l'SSES.

205 461 325 520 debitas
348 469 467 537 poenas
488 471 687 538 sitmptirrum.
732 465 775 520 At
790 462 880 522 Circe
900 463 949 521 his
964 463 1056 522 rebus
1070 466 1209 541 graviter

204 568 358 620 commtita
374 562 413 619 ad
429 561 525 638 pedes
540 562 607 620 eius
623 568 656 621 s'e
672 561 802 638 prbiecit
818 573 849 622 et
864 562 968 622 multis
984 581 1054 622 cum
1069 562 1206 622 lacrimis

204 660 399 720 iirreirirandt')
422 661 617 721 cimtirmaivit
640 668 683 734 se,
707 681 786 739 quae
812 661 863 721 ille
886 662 1076 740 imperasset,
1100 663 1207 722 omnia

204 761 370 820 iactatam:
400 770 465 819 tum
480 768 592 836 poteris
610 761 641 819 in
657 761 769 820 atrium
784 761 905 822 immitti
921 761 1019 821 iussit.
1064 762 1115 820 Illi
1130 763 1206 823 datd

205 866 295 937 signi>
309 860 468 920 inruerunt
488 869 519 920 et
543 879 614 920 cum
628 861 740 921 ducem
757 880 847 920 suum
863 861 1074 939 agnbvissent,
1090 870 1206 941 magnii

205 960 310 1019 doldre
326 960 441 1020 adfecti
456 970 536 1033 sunt,
555 961 638 1038 quod
660 961 743 1020 militi
769 962 862 1021 modd
884 968 1050 1038 potuerunt
1071 981 1142 1021 eum
1164 962 1204 1021 de

204 1060 296 1118 rebus
326 1069 389 1119 suis
423 1059 584 1120 certitirem
614 1060 725 1120 iacere.
785 1060 874 1122 Circe
906 1070 1011 1120 tamen
1045 1068 1205 1139 unguenti)

205 1161 340 1237 quddam
349 1179 478 1237 corpora
487 1167 592 1220 ebrum
602 1159 704 1233 unxit3
728 1166 790 1238 qui>
800 1160 895 1234 iacti),
907 1167 1015 1221 omnes
1027 1170 1099 1237 post
1110 1161 1205 1221 breve

204 1269 326 1337 tempus
347 1258 378 1319 in
401 1260 537 1337 speciem
558 1261 724 1320 himinam
743 1260 856 1320 redditi
874 1269 955 1320 sunt.
1001 1262 1119 1339 Magni>
1134 1280 1205 1321 cum

204 1363 318 1439 gaudii)
333 1363 441 1422 Ulixes
464 1370 580 1423 amictis
602 1363 729 1441 agnovit
744 1373 775 1424 et
791 1363 931 1423 mintium
954 1364 992 1423 ad
1015 1364 1088 1424 litus
1110 1365 1203 1438 misit,

205 1471 258 1537 qui
283 1462 408 1540 reliquis
434 1463 562 1522 Graecis
592 1463 695 1522 sociiis
721 1471 863 1540 receptos
887 1482 957 1523 esse
983 1464 1109 1523 diceret.
1155 1464 1206 1522 Illi

205 1570 307 1621 autem
329 1562 377 1620 his
398 1562 490 1621 rebus
510 1562 644 1640 cdgnitis
666 1563 771 1622 statim
787 1564 826 1622 ad
845 1563 971 1622 domum
988 1563 1150 1624 Circaeam
1170 1572 1205 1623 se

205 1662 415 1733 contulerunt3
445 1669 507 1744 qui)
523 1681 592 1720 cum
608 1663 775 1736 venissent,
792 1670 899 1722 omnes
916 1664 1051 1722 iniversi
1069 1662 1206 1723 laetitiae

206 1768 239 1821 se
254 1761 447 1821 dediderunt.
834 1754 839 1769 '

539 1957 603 2018 157.
643 1945 739 2001 Afloat
756 1946 863 2016 Again.

248 2069 400 2130 Postridie
418 2070 484 2131 eius
504 2071 566 2131 dier
588 2071 697 2131 Ulixes
713 2071 742 2130 in
768 2072 870 2132 animb
890 2072 1026 2132 habebat
1047 2091 1086 2132 ex
1103 2073 1206 2132 insula

205 2189 297 2248 quam
322 2172 478 2231 celerrime
502 2171 676 2232 discedere:
708 2171 798 2231 Circe
820 2182 933 2245 tamen,
950 2191 1020 2231 cum
1042 2162 1120 2231 haec
1135 2180 1205 2250 ctig-

206 2271 351 2342 ntivisset,
368 2290 407 2330 ex
421 2271 493 2331 odiri
512 2271 551 2330 ad
575 2279 710 2331 ambrem
725 2290 875 2331 conversa
895 2272 1039 2332 omnibus
1059 2272 1204 2350 precibus

193 2390 275 2428 <eum
299 2378 384 2430 breite
410 2381 441 2430 et
466 2373 615 2431 obtestairi
641 2371 753 2449 coepit,
777 2381 811 2431 ut
833 2379 950 2449 paucds
973 2372 1040 2431 dies
1063 2372 1146 2448 apud
1170 2380 1204 2431 se

206 2477 387 2531 moraretur:
419 2481 451 2531 et
473 2472 533 2531 hbe
553 2472 679 2531 tandem
700 2471 864 2549 impetrati)
888 2482 975 2531 tanta
998 2472 1150 2531 beneficia
1172 2472 1204 2529 in

205 2590 275 2629 eum
291 2571 420 2630 contulit
433 2581 465 2631 ut
480 2571 570 2630 facile
583 2581 611 2630 ei
626 2579 808 2648 persuasum
823 2571 864 2631 sit
879 2581 912 2631 ut
924 2571 1039 2630 diirtius
1054 2579 1202 2631 maneret.

206 2661 374 2748 Postquam
396 2681 500 2729 tamen
522 2679 620 2731 tritum
643 2690 758 2730 annum
788 2670 870 2749 apud
901 2671 1012 2731 Circen
1041 2679 1204 2748 ct'msirmp

205 2781 295 2845 serat,
307 2772 416 2831 Ulixes
428 2778 540 2849 magni>
556 2770 711 2831 desiderii)
722 2771 839 2847 patriae
852 2789 927 2830 suae
937 2770 1090 2830 videndae
1100 2779 1203 2831 mritus

205 2881 260 2932 est.
306 2872 403 2931 Sociis
419 2871 510 2949 igitur
522 2870 561 2929 ad
574 2878 608 2930 se
620 2879 808 2944 convocatis
821 2871 896 2947 quid
909 2871 940 2928 in
956 2871 1059 2931 animd
1074 2871 1204 2930 haberet

189 2972 348 3039 ostendit.
393 2971 458 3030 Ubi
483 2981 586 3030 tamen
612 2971 651 3030 ad
678 2971 750 3030 litus
777 2971 947 3043 descendit,
975 2966 1091 3030 navem
1115 2990 1203 3029 suam

204 3070 440 3148 tempestatibus
471 3071 513 3131 ita
539 3070 695 3130 adflictam
722 3070 847 3143 invenit,
873 3080 907 3130 ut
932 3071 971 3129 ad
995 3070 1203 3148 navigandum

204 3190 303 3248 paene
328 3170 444 3230 inritilis
470 3180 562 3230 esset.
609 3172 680 3229 Haic
710 3177 742 3229 re
771 3169 902 3247 cbgnita,
927 3169 1031 3229 omnia
1056 3189 1135 3247 quae
1161 3172 1203 3231 ad

205 3278 300 3330 naves
322 3271 504 3330 reficiendas
527 3279 595 3329 irsui
617 3279 690 3329 sunt
713 3278 883 3347 comparari
905 3269 1009 3328 iussit:
1032 3278 1093 3347 qui
1115 3270 1148 3328 in
1169 3278 1203 3330 re

204 3379 321 3427 tantam
348 3369 536 3446 diligentiam
563 3377 670 3428 omnes
696 3369 896 3445 praebebant,
923 3379 957 3428 ut
980 3379 1052 3428 ante
1078 3370 1203 3429 tertium

204 3467 287 3526 diem
311 3486 388 3543 opus
415 3468 612 3527 cbnlecerint.
658 3470 700 3527 At
726 3468 824 3540 Circe,
853 3468 906 3527 ubi
931 3468 1009 3528 vidit
1031 3469 1136 3528 omnia
1161 3470 1202 3529 ad

204 3566 426 3641 profectionem
451 3575 558 3642 parata
581 3584 659 3639 esse,
683 3585 747 3624 rem
770 3575 860 3644 aegre
883 3569 1002 3627 ferebat
1024 3578 1055 3627 et
1076 3568 1202 3628 Ulixem
