2692 3959
572 235 811 286 ANECDOTES.
1158 237 1192 288 47

194 400 361 478 scopulum,
393 401 450 461 sub
486 408 548 477 qus)
585 410 671 478 pueri
709 401 860 461 iacebant.
911 403 974 462 Hic
1003 409 1076 463 verti
1104 412 1190 463 triste

193 502 402 577 spectaculum
431 510 530 561 visum
556 511 603 561 est
616 501 625 573 3'
658 504 744 561 Nerei
773 502 864 574 enim,
890 521 981 579 quem
1009 503 1105 562 {riter
1134 511 1191 564 suf)

193 601 286 678 pelliti
312 608 437 673 texerat,
465 601 585 678 placide
611 601 790 673 dormiebat,
818 611 849 660 at
876 604 994 674 Brutus,
1023 612 1076 678 qui
1102 622 1191 662 suum

193 720 305 777 corpus
330 700 390 760 hbe
415 702 508 760 modd
533 701 710 773 nudaverat,
735 709 829 762 saevd
853 702 923 779 gelu
949 702 1087 780 rigebat3
1119 723 1190 761 nam

193 816 269 877 puer
294 800 391 872 fortis,
416 820 508 877 quem
534 811 659 877 propter
683 800 846 882 segnitiam
868 809 975 883 omnes
998 802 1189 875 deridebant,

192 910 286 959 vitam
308 920 396 959 suam
417 901 505 960 tritri
526 901 764 961 condonaverat.

258 1066 422 1132 sonnium,
434 1073 505 1125 cara,
521 1081 557 1124 10,
576 1082 597 1115 2.
783 1053 878 1133 paint,
894 1082 931 1131 17,
944 1068 967 1118 s.

258 1149 357 1215 aperit,
372 1163 410 1214 32,
426 1162 447 1215 5.
782 1151 900 1217 rigebat,
914 1165 936 1213 7,
951 1165 972 1199 2.

258 1232 391 1298 ᾶξιιόεοίῒ,
400 1233 432 1282 cf.
441 1236 568 1297 ctgntscit,
577 1248 615 1292 22,
628 1249 663 1284 10.
783 1235 942 1300 segnitiam,
954 1237 1098 1283 stultitiam.

257 1317 391 1383 accendit,
400 1316 433 1366 cf.
443 1318 614 1376 incendtbant‚
627 1332 664 1383 50.
783 1318 951 1384 deridebant,
966 1318 1005 1375 26,
1019 1331 1040 1383 5.

512 1563 560 1623 54.
600 1552 627 1606 Α
646 1551 735 1607 itoble
754 1551 867 1607 Action.

235 1745 403 1823 Philippus,
428 1764 523 1822 eques
546 1745 749 1816 Britannicus,
770 1745 846 1804 alitis
868 1744 987 1821 equites
1009 1744 1188 1805 fortitudine

192 1845 285 1904 animi
305 1846 501 1922 corporisque
520 1845 635 1904 viribus
658 1845 832 1920 aequabat3
856 1852 963 1903 omnes
981 1855 1083 1904 tamen
1098 1845 1189 1903 comi·

191 1954 258 2011 tite¹
284 1956 316 2006 et
343 1945 577 2005 mansuEtudine
607 1946 781 2022 superabat.
839 1946 929 2004 Ferte
956 1945 1093 2014 Britanni
1119 1964 1189 2003 cum

194 2046 345 2127 Hispanis
388 2046 502 2105 bellum
545 2046 694 2122 gerebant
737 2056 829 2122 atque
874 2045 992 2122 equites
1030 2054 1207 2122 utriusque»

192 2146 342 2206 exereitus
363 2147 428 2206 tere
450 2146 626 2205 cottidianis
652 2154 763 2223 pugnis
785 2152 865 2204 vires
890 2146 1083 2204 exercebant.
1128 2145 1189 2204 Ali-

192 2247 317 2322 quandd
332 2247 405 2305 dum
421 2246 526 2305 urbem
543 2246 699 2322 quandam
716 2246 854 2304 Britanni
873 2255 1060 2322 oppugnant,
1079 2245 1188 2322 Philip

192 2366 251 2424 pus
267 2365 336 2406 cum
352 2356 459 2424 paucis
476 2346 640 2405 comitibus
660 2354 772 2423 magna
794 2355 885 2405 manti
907 2345 1041 2404 hostium
1063 2345 1189 2404 circum·

191 2449 282 2509 datus
304 2459 360 2510 est.
412 2449 473 2507 Diti
495 2460 526 2509 et
547 2449 657 2508 aeriter
680 2444 785 2533 nostri
803 2449 1016 2531 Hispantirum
1041 2448 1187 2523 impetum

191 2550 393 2609 sustinebant.
432 2550 571 2610 Tandem
585 2550 745 2628 Philippus
760 2550 860 2610 iaculd
871 2550 1003 2628 graviter
1014 2551 1188 2608 volneratus

191 2660 247 2711 est.
293 2653 367 2711 Post
381 2660 515 2728 pugnam
531 2652 604 2710 dum
625 2651 752 2710 comites
772 2659 881 2709 maesti
905 2649 1080 2726 Philippum
1102 2647 1189 2707 mori-

190 2751 329 2811 bundum
359 2752 398 2811 ad
427 2762 528 2811 castra
556 2760 723 2828 reportant,
751 2750 861 2827 aliquis
887 2759 916 2809 ei
940 2750 1059 2827 galeam
1090 2767 1188 2824 aquae

190 2851 313 2927 plenam
329 2852 422 2912 dedit.
468 2852 524 2911 Ille
540 2861 651 2922 autem,
669 2860 727 2910 etsi
745 2850 811 2909 sitis
832 2851 937 2908 fauces
958 2849 1073 2920 urebat,
1091 2847 1186 2920 militi,

191 2961 244 3028 qui
260 2960 321 3011 ndu
337 2952 442 3029 procul
457 2952 578 3011 iacebat
590 2950 757 3027 ,avidisque
777 2951 874 3008 oculis
897 2968 1008 3024 aquam
1030 2948 1187 3020 lustrabat,

190 3053 333 3128 peculum
346 3052 431 3114 dedit
446 3076 453 3124 ;
478 3059 495 3085 “
505 3053 534 3109 N
537 3059 617 3110 <inne
629 3050 720 3109 huius
731 3050 887 3122 volnera‚''
900 3048 1007 3125 inquit,
1022 3048 1189 3125 “gravidra

190 3161 262 3211 sunt
276 3153 406 3227 meis?'’⁴

256 3289 401 3379 nequibat,
415 3313 447 3363 cf.
457 3330 544 3378 aequa,
557 3312 594 3370 18,
605 3327 628 3374 7.
781 3311 910 3377 graviter,
919 3311 952 3360 cf.
958 3311 1056 3374 gravis,
1064 3309 1103 3375 36,
1113 3324 1134 3364 2,

256 3398 407 3463 utriusque,
420 3410 460 3460 49,
473 3411 496 3459 7.
544 3398 547 3401 ⁴
781 3396 889 3461 maesti,
905 3399 996 3451 tristis,
1014 3407 1051 3458 53,
1064 3393 1087 3443 6.

257 3481 423 3547 cottidiiuis,
431 3480 464 3533 cf.
474 3481 578 3538 cottidie,
591 3493 629 3548 39,
640 3493 663 3532 z·
780 3480 885 3544 usitat,
899 3478 932 3532 cf,
944 3479 1068 3535 adamant,
1084 3476 1121 3537 16,
1133 3475 1156 3527 8.
