2692 3959
517 258 593 308 THE
615 258 716 307 RELA
724 258 822 307 TIVE.
1129 254 1164 307 ³9

164 433 288 501 propter
323 434 442 484 tantum
479 425 614 485 dedecus
651 434 747 484 iratus
783 425 835 483 dia
866 425 1002 483 laborem
1032 432 1160 484 recusat.

164 525 304 584 Tandem
320 525 372 583 ubi
382 525 532 603 magister
547 526 691 585 baculum
706 525 785 584 inter
800 525 908 584 dentes
924 524 1059 596 inseruit,
1077 523 1163 600 canis

165 632 365 701 §conspecta
383 625 487 685 subito
501 625 597 702 fagit3
619 625 706 685 brevi
725 634 828 683 tamen
844 624 883 682 ad
897 623 1076 700 magistrum
1096 622 1163 682 sine

165 724 276 783 baculo
305 724 440 784 recurrit.
499 726 577 784 Tras
610 724 683 784 inde
716 731 838 784 mansas
873 723 1018 800 magister
1052 724 1164 782 frastra

164 824 307 884 baculum
337 826 520 901 quaerebam
559 832 669 901 quarta
700 833 803 884 tamen
832 832 939 883 manse
975 824 1047 881 dum
1084 832 1164 882 servi

164 924 269 982 fimum
292 944 329 983 ex
350 925 480 984 stabulis
509 924 541 982 in
570 932 660 1002 agras
690 933 907 1000 transportant,
931 924 1075 983 baculum
1105 924 1162 982 sub

165 1024 282 1101 ingenti
294 1025 357 1083 fimi
373 1032 483 1084 acervo
498 1024 666 1084 inveniunt.

232 1157 388 1221 scipianem‚
403 1158 527 1205 baculum.
732 1159 805 1209 more
817 1159 874 1222 sud,
889 1171 927 1222 31,
941 1171 965 1222 3.

230 1239 313 1299 victis,
330 1253 367 1301 17,
381 1254 404 1304 3.
732 1243 848 1305 recinat,
861 1242 958 1311 abania,
971 1254 1010 1304 37,
1027 1254 1063 1289 10.

232 1324 350 1387 gerabat
362 1325 470 1386 ferebat.
733 1325 912 1388 §conspecta
927 1337 967 1384 41,
983 1337 1019 1384 14.

230 1407 360 1470 ligneum,
374 1421 414 1467 40,
429 1420 466 1456 10.
735 1408 1052 1469 brevi=brevitempora

509 1567 558 1627 45.
598 1555 705 1611 Buried
724 1555 818 1610 Alive.

157 1678 164 1686 “
208 1682 256 1740 Da
293 1681 402 1741 eadem
439 1681 571 1741 Rollane
609 1682 692 1741 aliud
721 1692 752 1741 et
780 1681 949 1741 mirabilius
982 1681 1162 1740 invenimus.

167 1783 302 1859 Magnus
321 1792 446 1840 anatum
465 1801 540 1859 grex
561 1782 593 1840 in
616 1783 684 1841 lacu
705 1782 838 1841 finitima
862 1782 996 1840 natabat.
1043 1783 1164 1840 Harum

165 1891 257 1940 imam
280 1881 365 1941 canis
388 1889 464 1941 mira
487 1889 590 1941 amore
612 1882 746 1940 fovebat.
802 1883 900 1958 Saepe
922 1881 1006 1940 iassti
1027 1880 1165 1958 magistri

165 1982 246 2040 hanc
268 1988 324 2039 sua
347 1988 399 2040 ore
422 1981 512 2041 etiam
535 1982 574 2040 ab
595 1982 738 2041 alteriare
759 1981 896 2059 margine
915 1981 999 2040 lactis
1016 1981 1055 2039 ad
1070 1980 1164 2057 pedas

166 2081 232 2140 aius
261 2082 445 2157 reportabat.
500 2083 544 2141 Ea
570 2081 694 2157 quidem
723 2089 772 2141 ras
801 2092 866 2140 erat
894 2080 1008 2158 gratior
1037 2089 1106 2139 cani
1135 2090 1166 2139 et

166 2180 291 2239 domino
307 2199 399 2256 quam
415 2189 516 2253 anati;
538 2181 615 2240 haec
630 2181 722 2258 igitur
738 2190 848 2257 pennis
867 2181 1059 2257 pedibusque
1078 2180 1165 2239 canis

167 2280 314 2356 impetum
330 2300 450 2357 semper
465 2281 612 2358 fugitabat.
658 2280 798 2339 Tandem
816 2282 907 2339 Rollo
923 2281 976 2339 tali
992 2280 1165 2357 pervicacia

167 2380 309 2439 defessus
325 2382 423 2439 solum
439 2381 471 2438 in
486 2381 574 2439 horto
587 2380 695 2439 effadit
707 2391 891 2457 anatemque
903 2389 1002 2440 vivam
1015 2380 1163 2456 sepelivit,

167 2489 232 2539 sive
250 2479 390 2553 ludibria,
409 2500 464 2540 seu
481 2480 529 2559 (ut
547 2480 693 2558 magister
710 2480 854 2561 credidit)
872 2481 955 2556 quod
975 2499 1045 2539 eum
1065 2480 1165 2539 locum

168 2579 266 2658 magis
281 2580 427 2640 idaneum
442 2580 569 2657 putavit.
642 2610 643 2613 ¹

234 2712 649 2773 mirabilius,cf.mz·rum,41,1o.
735 2714 820 2778 iamir,
833 2726 873 2777 43,
889 2726 910 2778 5.

234 2793 366 2855 finitim,
379 2801 469 2845 vicina.
577 2798 580 2803 ’
735 2797 862 2861 indibria,
876 2795 908 2845 ef.
921 2796 1010 2853 lad-as,
1026 2795 1063 2853 18,
1078 2809 1098 2843 1.

503 2995 588 3045 THE
613 2995 834 3047 RELATIVE.

145 3157 147 3162 ⁴
215 3128 271 3193 24.
307 3129 352 3215 (a)
378 3128 452 3191 The
469 3130 624 3192 Relative
641 3130 669 3193 is
687 3130 769 3193 used
787 3140 822 3192 to
839 3129 935 3192 avoid
957 3130 1132 3211 repeating
1148 3151 1167 3192 a

167 3236 259 3300 word
278 3236 396 3321 (called
414 3237 457 3300 its
474 3237 689 3320 antecedent)
707 3239 840 3322 already
857 3239 940 3302 used
957 3258 1051 3303 once.

167 3376 259 3428 videa
272 3376 393 3437 marum,
408 3392 496 3441 quem
508 3380 623 3429 Balbus
635 3378 813 3438 aedificavit,
826 3379 848 3430 I
857 3395 900 3430 see
917 3378 965 3432 tlte
982 3378 1061 3443 wall,
1076 3377 1168 3431 which

244 3477 356 3531 Balbus
374 3478 456 3533 built.
796 3479 798 3482 ’
